2516 3806
155 205 219 268 114
428 221 470 271 A.
493 224 641 270 rnasrr
669 225 827 274 rancor

151 378 281 439 frontem
295 379 333 439 de
347 378 443 444 rebus
484 380 541 440 tihi
556 390 636 442 recto
650 382 753 444 vivere
763 349 830 443 talo

152 515 201 555 ars
215 494 319 555 dedit?
339 504 369 555 et
382 495 447 557 veri
461 497 588 576 speciem
602 498 756 558 dinoscere
770 497 868 571 calles,
1053 503 1106 563 105
1199 521 1201 531 ·

152 630 190 670 ne
204 631 264 689 qua
277 611 436 671 subaerato
451 612 627 672 mendosum
641 613 753 672 tinniat
767 616 861 674 auro?

153 741 288 803 quaeque
301 723 453 801 sequenda
466 723 572 796 forent,
588 744 724 804 quaeque
740 726 883 787 evitanda
898 727 1042 804 vicissim,

152 836 208 896 illa
221 836 305 916 prius
320 843 409 909 oreta,
423 858 496 897 mox
510 837 584 897 haec
600 837 738 912 carbone,
752 840 884 900 notasti?

153 971 183 1010 es
197 950 332 1010 modicus
346 951 431 1011 voti?
452 972 552 1030 presso
567 951 653 1013 lare?
674 953 771 1013 dulcis
786 937 911 1015 amicis?

158 1065 223 1144 jam
237 1084 319 1124 nunc
333 1065 490 1143 astringas,
502 1065 568 1144 jam
583 1086 664 1125 nunc
679 1066 822 1144 granaria
837 1067 942 1127 laxes?
1056 1070 1109 1129 110

154 1177 246 1256 inque
260 1177 325 1237 luto
340 1177 436 1236 fixum
453 1178 546 1258 possis
560 1179 769 1238 transcendere
782 1199 951 1254 nummum,

154 1310 210 1350 nec
223 1290 322 1369 glutto
337 1290 457 1351 sorbere
470 1291 598 1352 salivam
614 1291 849 1352 Mercurialem?

156 1404 247 1464 ‘haec
261 1424 328 1463 mea
342 1412 421 1476 sunt,
435 1403 539 1464 teneo'
554 1425 623 1464 oum
638 1425 708 1465 vere
722 1404 843 1475 dixeris,
859 1414 920 1465 osto

155 1517 291 1597 liberque
306 1537 341 1578 ao
355 1518 482 1597 sapiens
496 1517 686 1596 praetoribus
699 1537 735 1578 ac
749 1518 771 1580 J
772 1539 828 1580 ove
842 1519 968 1593 dextro;

156 1632 202 1692 sin
218 1640 262 1704 tu,
277 1651 345 1692 oum
360 1631 452 1691 fueris
466 1640 586 1692 nostrae
599 1631 691 1710 paulo
705 1639 775 1692 ante
789 1631 914 1704 farinae,
1056 1634 1111 1694 115

157 1747 332 1829 pelliculam
347 1757 478 1809 veterem
495 1747 612 1818 retines,
627 1755 657 1806 et
670 1745 769 1806 fronte
783 1745 895 1824 politus

157 1871 288 1924 astutam
304 1861 415 1940 vapido
430 1879 530 1920 servas
544 1859 575 1918 in
590 1867 710 1938 pectore
724 1858 856 1938 vulpem,

157 1995 234 2057 quae
248 1977 389 2036 dederam
404 1994 496 2053 supra
510 1973 618 2052 relego,
633 1973 795 2052 funemque
810 1973 937 2033 reduco:

156 2089 200 2148 nil
214 2088 270 2149 tibi
289 2088 433 2148 concessit
446 2087 540 2159 ratio;
562 2087 691 2166 digitum
706 2107 803 2160 exere,
817 2107 931 2166 peccas,

155 2202 272 2282 etquid
287 2211 350 2262 tam
366 2211 496 2280 parvum
511 2201 576 2260 est?
596 2198 648 2259 sed
661 2199 747 2260 nullo
762 2209 831 2260 ture
845 2198 955 2272 litabis,
1057 2202 1112 2261 120

154 2317 277 2378 haereat
291 2317 323 2376 in
337 2316 437 2376 stultis
452 2314 552 2376 brevis
566 2322 601 2374 ut
614 2313 767 2374 semuncia
781 2313 862 2374 recti.

154 2430 229 2491 haec
244 2430 365 2490 miscere
379 2429 479 2500 nefas;
501 2448 565 2500 nec,
580 2447 648 2486 cum
663 2426 702 2486 sis
716 2435 815 2486 cetera
828 2426 930 2500 fossor,

153 2539 208 2604 tris
221 2550 341 2605 tantum
356 2542 396 2602 ad
410 2525 550 2601 numeros
565 2549 700 2618 satyrum
715 2552 855 2600 moveare
868 2538 1018 2619 Bathylli.

154 2659 265 2720 ‘Liber
273 2656 345 2736 ego!
374 2654 466 2720 Unde
475 2657 580 2717 datum
590 2655 647 2716 hoc
656 2654 756 2727 sentis,
765 2663 810 2714 tot
819 2654 937 2714 subdite
946 2654 1056 2716 rebus?

154 2792 194 2832 an
208 2770 363 2832 dominum
380 2771 508 2862 ignoras,
523 2765 580 2830 nisi
595 2783 684 2848 quem
700 2769 835 2830 vindicta
849 2768 968 2829 relaxat
1055 2769 1110 2830 125

154 2883 197 2958 Ἰ,
212 2902 296 2963 puer,
312 2891 343 2942 et
356 2881 486 2962 strigiles
500 2881 632 2961 Crispini
647 2882 686 2941 ad
701 2880 812 2941 balnea
825 2881 908 2942 defer
917 2877 941 2941 1'

153 2996 180 3057 si
194 2995 353 3074 increpuit,
368 2999 480 3056 ‘cessas
494 2991 661 3073 nugatorl’
682 2993 838 3055 servitium
853 3014 921 3054 acre

153 3117 184 3170 te
197 3107 275 3168 nihil
290 3106 419 3186 inpellit,
433 3121 488 3167 nec
502 3106 664 3186 quicquam
680 3106 865 3166 extrinsecus
879 3106 982 3180 intrat,

155 3221 234 3302 quod
250 3240 358 3281 nervos
372 3220 484 3298 agitet}
505 3219 557 3279 sed
571 3219 595 3279 si
610 3219 691 3278 intus
705 3227 736 3278 et
749 3219 780 3278 ln
798 3219 898 3298 Jecore
913 3239 1002 3298 aegro

155 3339 321 3391 nascuntur
334 3330 458 3400 domini,
474 3326 527 3408 qul
541 3339 575 3389 tu
590 3331 767 3409 impunitior
781 3331 845 3390 exis
1057 3333 1112 3394 130

156 3451 247 3521 atque
256 3440 315 3514 hic,
326 3461 415 3520 quem
426 3441 465 3500 ad
476 3441 605 3519 strigiles
616 3443 730 3503 scutica
740 3452 770 3503 et
779 3453 875 3505 metus
884 3445 945 3524 egit
954 3447 1055 3508 erilis?
