2536 3806
460 252 634 301 snrvns
662 253 772 302 1111.
1051 236 1092 302 81

127 409 305 471 Thebarum
321 418 426 490 portae
440 409 489 471 vel
503 409 608 471 divitis
623 410 701 471 ostia
714 409 790 471 Nili.

126 544 212 583 nona
226 533 308 583 aetas
322 523 425 602 agitur
438 523 600 602 pejoraque
614 524 734 584 saecula
749 523 821 584 ferri

126 635 325 714 temporibus,
340 655 469 714 quorum
483 634 587 695 sceleri
602 655 663 696 non
678 635 798 698 invenit
811 636 878 716 ipsa

126 766 239 807 nomen
253 754 284 806 et
296 767 316 806 a
329 745 416 806 nullo
430 746 531 824 posuit
545 753 656 806 natura
670 746 803 807 metallo.
1052 746 1091 807 30

126 880 182 920 nos
197 859 354 920 hominum
368 859 535 939 divumque
547 859 638 920 fidem
652 860 784 922 clamore
797 861 918 935 ciemus,

125 983 243 1054 quanto
258 972 432 1034 Faesidium
447 973 555 1034 laudat
569 974 682 1036 vocalis
696 983 835 1054 agentem

126 1083 274 1165 sportula
317 1083 376 1156 dic,
390 1084 490 1144 senior
505 1083 590 1144 bulla
604 1084 788 1164 dignissime,
801 1085 906 1158 nescis

125 1219 202 1278 quas
217 1196 328 1258 habeat
342 1217 465 1258 veneres
479 1197 580 1257 aliena
593 1197 743 1276 pecunia?
762 1197 868 1270 nescis,

125 1332 216 1392 quem
230 1319 285 1370 tua
298 1311 476 1390 simplicitas
495 1311 588 1372 risum
603 1311 696 1390 vulgo
710 1319 839 1385 moveat,
854 1330 924 1372 oum
1048 1309 1088 1372 35

124 1423 223 1503 exigis
237 1443 256 1482 a
270 1443 423 1503 quoquam
437 1444 475 1484 ne
488 1425 602 1503 pejeret
615 1433 645 1485 et
659 1433 745 1505 putet
758 1424 831 1485 ullis

123 1555 187 1596 esse
201 1534 326 1614 aliquod
340 1555 453 1595 numen
467 1535 589 1615 templis
602 1555 732 1615 araeque
746 1535 887 1597 rubenti?

125 1648 280 1729 quondam
295 1649 353 1709 hoc
362 1649 526 1732 indigenae
541 1648 687 1710 vivebant
701 1669 792 1722 more,
806 1650 985 1730 priusquam

124 1772 256 1824 sumeret
270 1771 417 1842 agrestem
432 1762 529 1842 posito
543 1762 715 1824 diademata
728 1762 838 1824 falcem

123 1875 274 1938 Saturnus
289 1875 416 1955 fugiens,
432 1885 514 1950 tunc,
529 1896 597 1936 cum
613 1875 683 1954 virg
704 1875 796 1937 ncula
811 1875 833 1938 J
834 1897 895 1937 uno
1044 1877 1085 1939 40

123 1996 154 2048 et
167 1988 305 2067 privatus
320 1986 421 2047 adhuc
435 1985 535 2047 Idaeis
549 1985 571 2048 J
573 1986 677 2066 uppite
707 1987 812 2061 antris,

122 2097 212 2158 nulla
225 2118 317 2176 super
329 2096 425 2157 nubes
440 2096 582 2158 convivia
596 2097 820 2172 coelicolarum,

122 2232 178 2272 nec
193 2232 269 2292 puer
283 2210 405 2284 Iliacus,
420 2210 573 2270 formonsa
585 2230 641 2272 nec
655 2210 800 2271 Herculis
813 2231 892 2272 uxor

123 2324 162 2385 ad
177 2323 312 2404 cyathos,
327 2333 357 2384 et
373 2324 438 2403 jam
453 2322 564 2384 siccato
578 2332 699 2384 nectare
713 2331 832 2403 tergens

122 2436 266 2498 bracchia
280 2435 440 2498 Vulcanus
455 2434 607 2515 Liparaea
620 2434 709 2514 nigra
723 2435 858 2496 taberna
1043 2437 1083 2498 45

122 2547 292 2629 prandebat
305 2546 363 2608 sibi
378 2547 503 2628 quisque
518 2546 600 2620 deus,
614 2567 670 2606 nec
684 2545 775 2608 turba
788 2546 913 2607 deorum

120 2661 192 2722 talis
206 2668 242 2721 ut
256 2668 300 2720 est
315 2659 412 2733 hodie,
427 2669 628 2738 contentaque
641 2659 740 2722 sidera
753 2659 858 2740 paucis

121 2774 298 2836 numinibus
312 2774 454 2836 miserum
470 2773 641 2854 urguebant
654 2773 786 2836 Atlanta
798 2774 909 2835 minori

120 2889 262 2970 pondere.
303 2888 438 2949 nondum
453 2888 564 2968 aliquis
578 2888 701 2949 sortitus
715 2888 800 2949 triste
814 2887 957 2969 profundi

120 3001 293 3083 imperium,
307 3011 361 3062 aut
376 3001 480 3063 Sicula
494 3011 599 3063 torvus
614 3022 682 3064 cum
697 3002 824 3082 conjuge
840 3000 962 3077 Pluton,
1044 3005 1083 3064 50

119 3138 175 3179 neo
190 3124 257 3177 rota
270 3135 326 3176 nec
339 3114 453 3177 Furiae
466 3137 522 3177 neo
536 3135 645 3176 saxum
659 3124 714 3176 aut
726 3114 859 3177 vulturis
873 3115 933 3175 atri

116 3250 227 3311 poena,
241 3228 293 3290 sed
307 3228 433 3290 infamis
448 3229 560 3289 hilares
574 3228 639 3289 sine
653 3227 772 3308 regibus
786 3227 922 3291 umbrae.

118 3342 288 3423 inprobitas
302 3342 357 3403 illo
371 3342 431 3404 fuit
445 3340 635 3403 admirabilis
649 3362 733 3415 aevo,

119 3453 284 3518 credebant
295 3474 357 3602 ยน<pro
370 3456 486 3535 grande
499 3454 583 3516 nefas
597 3462 628 3517 et
640 3463 736 3520 morta
749 3453 907 3542 piandum,

236 3550 287 3602 6-
314 3566 358 3604 uv.
