2536 3806
496 268 669 318 SATVRA
697 268 741 316 X.

135 447 306 507 magnaque
320 425 495 486 numinibus
510 434 582 487 vota
596 424 741 486 exaudita
756 421 907 505 malignis

134 543 175 602 ad
188 561 333 622 generum
347 541 463 603 Cereris
477 541 541 601 sine
555 541 646 602 caede
659 561 695 601 ac
709 541 836 602 vulnere
850 541 941 620 pauci

133 653 320 716 descendunt
334 675 417 734 reges
431 663 461 714 et
474 654 553 714 sicca
567 663 663 714 morte
676 655 808 733 tyranni.

175 767 341 846 Eloquium
356 788 391 828 ac
406 768 518 826 lamam
536 764 748 826 Demosthenis
762 775 816 826 aut
830 765 983 828 Ciceronis

133 880 241 960 incipit
255 889 360 959 optare
374 889 404 940 et
419 881 488 942 totis
503 879 736 960 quinquatribus
751 889 845 959 optat,
1036 880 1093 941 115

133 993 268 1073 quisquis
283 992 383 1052 adhuc
398 1013 458 1053 uuo
474 1012 598 1072 parcam
612 991 685 1052 colit
700 1011 764 1052 asse
777 991 960 1067 Minervam,

132 1125 221 1184 quem
236 1105 373 1184 sequitur
387 1114 485 1166 custos
499 1113 645 1183 angustae
658 1103 787 1165 vernula
802 1124 917 1183 capsae.

131 1221 251 1300 eloquio
265 1220 317 1280 sed
332 1229 458 1300 uterque
471 1220 551 1300 perit
564 1227 674 1292 orator,
690 1228 852 1298 utrumque

131 1334 235 1414 largus
249 1343 280 1394 et
293 1334 451 1394 exundans
466 1333 526 1394 leto
541 1333 625 1393 dedit
639 1333 752 1412 ingenii
767 1333 841 1394 fons.

130 1448 252 1527 ingenio
267 1468 375 1508 manus
389 1457 433 1508 est
447 1456 477 1507 et
491 1447 596 1509 cervix
610 1467 705 1520 caesa,
719 1467 774 1507 nec
788 1467 934 1526 umquam
1033 1449 1091 1511 120

130 1580 278 1639 sanguine
292 1560 435 1622 causidici
451 1560 634 1621 maduerunt
649 1568 746 1620 rostra
759 1559 873 1639 pusilli

132 1680 166 1735 ‘o
181 1674 367 1736 fortunatam
382 1683 486 1735 natam
502 1694 550 1734 me
565 1673 687 1734 consule
701 1673 832 1734 Romam
842 1674 867 1735 1’

131 1788 249 1849 Antoni
262 1787 380 1868 gladios
393 1787 494 1867 potuit
508 1796 706 1862 contemnere,
720 1789 746 1850 si
759 1789 802 1850 sic

130 1902 234 1964 omnia
248 1901 380 1964 dixisset.
423 1901 550 1963 ridenda
564 1911 705 1981 poemata
719 1903 809 1977 malo,

131 2035 223 2094 quam
238 2025 268 2076 te
282 2019 469 2094 conspicuae,
486 2015 592 2077 divina
608 2015 791 2095 Philippica,
807 2017 914 2090 famae,
1036 2017 1095 2078 125

131 2127 264 2189 volveris
279 2148 298 2187 a
312 2127 411 2206 prima
427 2148 503 2206 quae
518 2127 667 2206 proxima.
709 2147 816 2190 saevus
831 2138 861 2189 et
875 2128 962 2189 illum

132 2240 232 2301 exitus
247 2239 367 2318 eripuit,
383 2259 471 2318 quem
487 2239 679 2301 mirabantur
693 2240 834 2302 Athenae

133 2361 296 2413 torrentem
312 2361 342 2412 et
356 2351 439 2431 pleni
455 2352 659 2414 moderantem
674 2353 761 2416 frena
774 2354 902 2417 theatri:

133 2467 180 2527 dis
195 2466 249 2526 ille
263 2465 396 2527 adversis
410 2465 529 2554 genitus
542 2465 665 2544 fatoque
679 2466 809 2541 sinistro,

134 2600 224 2659 quern
239 2589 326 2659 pater
340 2579 473 2641 ardentis
488 2601 602 2642 massae
619 2582 747 2662 fuligine
762 2583 863 2663 lippus
1041 2585 1099 2646 130

136 2714 156 2753 a
169 2693 300 2754 carbone
313 2703 343 2754 et
357 2693 522 2773 forcipibus
536 2693 713 2775 gladiosque
727 2705 856 2776 parante

135 2805 245 2866 incude
260 2814 289 2865 et
304 2805 386 2866 luteo
399 2805 541 2868 Vulcano
557 2806 597 2866 ad
612 2807 734 2868 rhetora
748 2808 838 2869 misit.

175 2918 334 2978 Bellorum
348 2917 486 2990 exuviae,
501 2918 617 2979 truncis
631 2918 735 2981 adfixa
749 2921 880 3000 tropacis

136 3033 238 3106 lorica,
254 3041 284 3093 et
298 3032 395 3092 fracta
409 3032 446 3092 de
461 3032 574 3093 casside
589 3031 719 3094 buccula
733 3035 874 3113 pendens,

135 3154 166 3206 et
180 3154 300 3206 curtum
315 3152 433 3204 temone
450 3145 569 3224 jugum,
585 3144 744 3225 victaeque
758 3147 889 3208 triremis

137 3258 281 3338 aplustre,
296 3265 326 3316 et
338 3276 457 3316 summo
473 3257 566 3317 tristis
580 3258 716 3338 captivos
731 3260 762 3318 in
777 3280 860 3333 arcu,

136 3369 278 3431 humanis
292 3368 408 3447 majora
422 3368 508 3429 bonis
522 3368 695 3430 creduntur.
737 3371 776 3431 ad
791 3372 849 3432 hoc
862 3393 894 3433 se

137 3485 294 3546 Romanus
309 3481 481 3563 Graiusque
495 3492 526 3544 et
541 3483 690 3546 barbarus
702 3485 900 3569 induperator

236 3577 364 3632 5-Juv.
598 3579 644 3632 Fa
