2536 3806
184 203 225 266 22
426 221 603 268 n.1va11
633 223 881 270 rvvuuxma

182 377 214 436 in
226 396 352 449 summa,
364 396 425 436 non
436 375 564 437 Maurus
575 386 641 438 erat
651 399 748 458 neque
758 377 899 441 Sarmata
910 401 965 441 nec
975 381 1081 444 Thrax

182 488 234 567 qui
248 487 376 565 sumpsit
389 487 507 566 pinnas,
522 487 630 548 mediis
644 489 695 548 sed
710 499 799 550 natus
814 491 953 552 Athenis,
1100 493 1137 554 80

181 600 289 661 horum
304 621 358 680 ego
373 620 433 659 non
447 599 564 680 fugiam
576 602 758 681 conchylia?
779 624 827 664 me
840 604 924 683 prior
937 605 990 666 ille

180 716 312 795 signabit
325 715 479 796 fultusque
492 724 559 776 toro
572 716 696 778 meliore
710 718 872 793 recumbet,

180 829 324 890 advectus
338 829 468 889 Romam
483 849 542 907 quo
556 849 656 908 pruna
669 838 700 890 et
713 839 834 892 cottona
848 834 959 894 vento?

180 962 274 1020 usquo
288 941 363 1002 adeo
376 941 455 1000 nihil
469 949 521 1015 est,
535 942 617 1020 quod
630 951 733 1002 nostra
747 943 877 1005 infantia
891 945 1008 1006 caelum

180 1053 281 1114 hausit
295 1052 451 1126 Aventini,
466 1053 542 1114 baca
555 1054 672 1115 nutrita
685 1053 819 1115 Sabina?
1101 1059 1138 1120 85

181 1168 255 1247 quid
269 1168 350 1247 quod
364 1167 511 1228 adulandi
524 1189 596 1248 gens
610 1167 845 1248 prudentissima
859 1169 966 1233 laudat

179 1302 345 1343 sermonem
360 1282 481 1354 indocti,
495 1281 603 1342 faciem
617 1282 758 1344 deformis
772 1283 871 1358 amici,

181 1403 210 1454 et
224 1394 348 1474 longum
363 1394 490 1455 invalidi
505 1393 617 1454 collum
633 1394 799 1457 cervicibus
814 1405 925 1476 aequat

180 1506 323 1568 Herculis
337 1505 492 1568 Antaeum
505 1507 611 1586 procul
626 1529 644 1567 a
658 1508 767 1569 tellure
782 1508 919 1583 tenentis,

179 1611 308 1681 miratur
321 1641 424 1681 vocem
439 1628 608 1699 angustam,
623 1641 684 1700 qua
697 1620 828 1682 deterius
841 1641 897 1682 nec
1101 1623 1140 1686 90

178 1733 232 1794 ille
245 1741 331 1794 sonat
344 1753 404 1812 quo
419 1733 573 1793 mordetur
586 1732 703 1811 gallina
716 1733 847 1794 marito?

179 1847 253 1907 haec
268 1846 371 1906 eadem
386 1845 457 1906 licet
471 1854 501 1906 et
515 1845 601 1905 nobis
616 1844 758 1919 laudare;
779 1847 831 1907 sed
845 1846 907 1907 illis

180 1958 320 2018 creditur.
361 1977 401 2016 an
414 1955 529 2029 melior,
544 1976 612 2015 cum
627 1955 745 2016 Thaida
759 1957 885 2017 sustinet
899 1965 1036 2018 autenm

178 2090 303 2132 uxorem
317 2069 475 2131 comoedus
490 2070 553 2149 agit
567 2069 616 2130 vel
630 2069 748 2130 Dorida
760 2070 846 2131 nullo

178 2184 292 2246 cultam
305 2183 452 2263 palliolo?
472 2182 582 2243 mulier
595 2203 702 2261 nempe
716 2184 781 2262 ipsa
795 2184 925 2258 videtur,
1099 2187 1137 2248 95

176 2319 237 2359 non
250 2317 377 2378 persona
391 2297 491 2377 loqui;
513 2317 610 2358 vacua
624 2306 654 2357 et
668 2297 761 2377 plana
776 2300 877 2360 omnia
892 2299 976 2362 dicas

176 2410 255 2471 infra
270 2409 473 2472 ventriculum
487 2418 518 2470 et
531 2410 614 2469 tenui
629 2409 773 2470 distantia
787 2411 873 2472 rima.

175 2544 231 2586 nec
244 2533 346 2585 tamen
361 2523 540 2596 Antiochus,
553 2542 609 2584 nec
623 2523 681 2584 erit
695 2523 844 2585 mirabilis
858 2524 923 2586 illic

176 2646 230 2698 aut
243 2636 405 2699 Stratocles
419 2645 474 2696 aut
487 2656 557 2696 oum
571 2635 658 2697 molli
673 2635 847 2697 Demetrius
861 2638 998 2701 Haemo:

175 2751 259 2811 natio
272 2750 415 2811 comoeda
429 2759 480 2810 est.
521 2749 610 2823 rides,
625 2751 739 2829 majore
752 2750 900 2811 cachinno
1078 2753 1134 2816 100
1248 2729 1249 2750 l

175 2863 363 2934 concutitur3
384 2861 445 2934 flet,
459 2862 484 2922 si
499 2862 640 2923 lacrimas
654 2862 811 2941 conspexit
825 2864 925 2937 amici,

174 3002 230 3042 nec
244 2980 342 3052 dolet3
363 2978 532 3058 igniculum
546 2980 673 3040 brumae
686 2979 712 3041 si
726 2988 861 3060 ternpore
875 3000 988 3060 poscas,

175 3095 286 3177 accipit
299 3093 522 3164 endromidem
542 3093 567 3153 si
582 3093 694 3154 dixeris
709 3097 726 3124 “
737 3093 868 3167 aestuo‚''
882 3095 980 3156 sudat

178 3211 251 3286 [non
266 3226 368 3267 sumus
383 3225 453 3284 ergo
467 3225 569 3285 pares:
590 3204 705 3279 melior,
717 3207 769 3285 qui
782 3197 943 3286 sempefet
957 3207 1053 3286 omni]

176 3330 262 3383 nocte
276 3320 384 3399 dieque
397 3327 496 3398 potest
509 3317 609 3378 aliena
622 3337 739 3378 sumere
753 3318 874 3380 vultum
1077 3320 1136 3383 105

176 3453 195 3492 a
209 3432 294 3505 facie,
305 3432 422 3510 jactare
436 3448 553 3501 manus,
567 3429 694 3489 laudare
707 3437 841 3507 paratus,
