2536 3806
149 215 192 278 52
396 230 574 277 n.1vu11
604 230 852 278 rvvnunnrs

147 387 276 450 Silanus,
318 407 507 466 quocumque
523 387 583 447 alio
598 387 635 447 de
648 387 795 466 sanguine
809 406 895 447 rarus

147 501 221 562 civis
234 510 264 560 et
279 500 414 579 egregius
429 500 545 580 patriae
559 501 707 580 contingis
722 502 834 574 ovanti,

96 661 101 673 .
146 613 318 674 exclamare
333 612 416 686 libet,
432 614 563 692 populus
577 615 659 693 quod
673 613 786 674 clamat
800 615 881 676 Osiri

146 725 277 786 invento.
320 725 386 805 quis
401 724 481 784 enim
496 746 673 804 generosum
689 726 801 786 dixerit
814 726 906 801 hunc,
920 728 973 808 qui
1068 730 1109 791 30

145 834 288 914 indignus
301 855 409 914 genere
423 844 453 895 et
468 835 624 914 praeclaro
638 835 760 897 nomine
773 844 894 898 tantum

145 948 291 1028 insignis?
311 969 425 1010 nanum
440 949 597 1027 cujusdam
612 949 742 1012 Atlanta
756 962 908 1024 vocamus,

145 1062 327 1141 Aethiopem
342 1061 488 1142 Cycnum,
503 1083 631 1142 parvam
646 1071 856 1142 extortamque
870 1031 1005 1144 puellam

145 1175 306 1254 Europen;
329 1175 453 1237 canibus
469 1175 562 1255 pigris
578 1174 737 1253 scabicque
752 1184 872 1236 vetusta

145 1288 262 1350 levibus
278 1297 307 1349 et
321 1289 416 1352 siccae
430 1288 633 1351 lambentibus
648 1309 701 1350 ora
718 1288 861 1350 lucernae
1065 1292 1106 1352 35

144 1422 253 1462 nomen
267 1403 325 1463 erit
338 1403 459 1481 pardae,
474 1402 568 1481 tigris,
583 1402 639 1475 lec,
653 1403 678 1464 si
694 1401 767 1481 quid
782 1401 883 1464 adhuc
897 1413 942 1464 est

144 1515 225 1594 quod
239 1515 348 1576 fremat
361 1515 393 1577 in
407 1516 494 1576 terris
509 1515 679 1578 violentius.
721 1535 792 1594 ergo
808 1517 928 1579 cavebis

87 1620 91 1629 ’
143 1637 173 1689 et
186 1637 308 1702 metues,
323 1649 360 1688 ne
374 1638 408 1690 tu
423 1629 465 1690 sic
479 1628 614 1692 Creticus
629 1639 682 1690 aut
696 1628 882 1692 Camerinus.

183 1743 242 1804 His
256 1763 310 1822 ego
325 1763 414 1823 quem
429 1743 553 1804 monui?
567 1752 667 1804 tecum
682 1752 725 1807 est
740 1743 815 1806 mihi
829 1763 935 1819 sermo,
947 1746 1073 1809 Rubelli

142 1854 269 1919 Blande.
311 1865 406 1916 tumes
422 1855 484 1916 alto
499 1855 668 1916 Drusorum
682 1865 848 1933 stemmate,
864 1867 1019 1942 tamquam
1060 1863 1101 1923 40

142 1968 245 2029 feceris
259 1968 322 2048 ipse
336 1968 462 2047 aliquid,
477 1970 693 2051 propterquod
708 1971 818 2034 nobilis
833 1994 917 2054 esses,

141 2092 176 2144 ut
189 2091 219 2143 te
234 2083 403 2162 conciperet
416 2103 493 2162 quae
506 2083 652 2162 sanguine
666 2083 763 2164 fulget
778 2084 848 2161 luli,

141 2217 202 2257 non
217 2216 294 2278 quae
307 2205 429 2259 ventoso
444 2196 594 2258 conducta
607 2197 663 2256 sub
678 2218 787 2277 aggere
802 2203 887 2264 texit.

141 2317 210 2374 ‘vos
224 2311 371 2385 humiles,'
386 2311 495 2390 inquis,
509 2310 612 2390 ‘vulgi
626 2332 696 2391 pars
711 2313 820 2376 ultima
835 2318 937 2390 nostri,

141 2445 269 2504 quorum
283 2445 370 2484 nemo
385 2434 475 2504 queat
488 2424 620 2503 patriam
635 2435 802 2489 monstrare
816 2432 966 2508 parentis:
1060 2435 1100 2495 45

140 2549 186 2600 ast
200 2560 254 2618 ego
269 2538 464 2617 Cecropides?
506 2538 592 2600 vivas
606 2547 636 2598 et
651 2540 774 2620 originis
790 2543 880 2622 hujus
929 2523 931 2528 Ι

139 2652 252 2733 gaudia
266 2652 357 2731 longa
371 2652 464 2714 feras!
486 2661 595 2713 tamen.
603 2654 664 2716 ima
679 2656 767 2734 plebe
782 2657 933 2734 Quiritem

140 2763 305 2824 facundum
319 2763 469 2835 invenios;
491 2764 566 2824 solet
582 2766 631 2824 hio
646 2765 804 2828 defendere
819 2788 924 2832 causae

140 2873 249 2935 nobilis
263 2873 393 2946 indocti;
415 2874 516 2936 veniet
530 2876 568 2935 de
582 2875 670 2954 plebe
685 2885 797 2956 togata,

140 2988 192 3068 qui
207 2987 286 3066 juris
300 2988 393 3048 nodos
408 2998 437 3049 et
452 2988 553 3066 legum
569 2988 741 3068 aenigmata
754 2989 860 3052 solvat.
1059 2995 1098 3057 50

141 3098 190 3159 hic
204 3098 280 3178 petit
294 3095 473 3178 Euphraten
490 3099 612 3178 juvenis
627 3079 792 3180 domitique
807 3101 920 3166 Batavi

141 3211 275 3273 custodes
291 3211 417 3291 aquilas,
432 3210 523 3272 armis
537 3211 719 3274 industrius:
741 3222 773 3276 at
787 3222 820 3274 tu

140 3321 185 3381 nil
199 3321 257 3380 nisi
272 3320 450 3399 Cecropides
465 3328 631 3399 truncoque
645 3320 817 3384 simillimus
832 3321 974 3385 Hermae.

141 3433 226 3494 nullo
242 3433 353 3513 quippe
370 3432 430 3494 alio
446 3431 541 3494 vincis
556 3431 736 3506 discrimine,
752 3453 843 3516 quam
858 3433 938 3516 quod
