2536 3806
184 270 226 332 20
430 287 610 334 n.1vu11
639 288 889 335 rvvnnnnrs

182 464 228 506 res
242 444 332 504 hodie
346 443 444 505 minor
457 437 502 505 est
516 417 693 524 herequam
708 444 776 517 fuit,
791 453 882 524 atque
896 443 1001 505 eadem
1015 465 1081 506 cras

182 555 296 618 deteret
310 557 427 636 exiguis
443 557 569 637 aliquid,
584 558 779 636 proponimus
793 558 868 633 illuc

181 671 234 744 ire,
245 672 390 751 t'atigatas
405 672 457 732 ubi
472 672 628 732 Daedalus
642 672 728 733 exuit
742 672 816 746 alas,
1103 673 1141 732 25

182 785 255 844 dum
270 806 348 846 nova
362 785 495 870 canities,
509 785 583 846 dum
596 786 696 865 prima
710 794 740 846 et
753 794 835 846 reeta
849 795 994 859 senectus,

181 897 254 956 dum
268 907 403 976 superest
416 897 543 959 Lachesi
559 899 640 978 quod
654 907 803 978 torqueat,
817 907 847 960 et
860 899 988 979 pedibus
1002 919 1051 959 me

181 1018 268 1089 porto
282 1010 355 1070 meis
369 1009 454 1070 nullo
469 1010 608 1071 dextram
623 1011 771 1073 subeunte
786 1011 907 1073 bacillo.

181 1124 322 1184 cedamus
335 1125 443 1204 patria.
485 1125 593 1186 vivant
606 1125 750 1186 Artorius
763 1125 830 1187 istic

181 1248 211 1298 et
224 1236 360 1310 Catulus,
375 1246 518 1298 maneant
532 1238 584 1317 qui
598 1239 720 1317 nigrum
735 1239 767 1299 in
782 1239 912 1299 candida
926 1247 1059 1312 vertunt,
1101 1239 1140 1300 30

181 1353 248 1432 quis
262 1350 351 1412 facile
365 1359 409 1411 est
422 1351 527 1410 aedem
542 1351 717 1424 conducere,
731 1351 867 1425 flumina,
882 1360 996 1431 portus,

179 1464 351 1525 siccandam
365 1464 505 1538 eluviem,
518 1465 703 1543 portandum
716 1466 756 1526 ad
770 1465 859 1526 busta
873 1465 1013 1537 cadaver,

180 1588 210 1639 et
223 1577 367 1658 praebere
380 1588 473 1658 caput
486 1578 609 1639 domina
624 1579 732 1641 venale
744 1579 802 1639 sub
816 1579 911 1640 hasta

180 1693 332 1773 quondam
346 1693 379 1752 hi
393 1694 559 1755 cornicines
572 1704 603 1755 et
616 1694 810 1774 municipalia
824 1694 957 1754 harenae
1062 1739 1064 1744 .

179 1804 317 1884 perpetui
331 1805 455 1866 comites
468 1814 616 1885 notaeque
631 1825 686 1884 per
699 1805 812 1884 oppida
826 1804 940 1865 buccae

179 1937 305 1976 munera
319 1936 400 1976 nunc
414 1916 517 1989 edunt,
532 1927 563 1978 et
576 1937 661 1979 verso
676 1917 788 1996 pollice
801 1916 913 1996 vulgus

179 2051 267 2111 quem
277 2030 366 2111 jubet
379 2033 521 2093 occidunt
535 2031 740 2112 populariter3
761 2031 832 2091 inde
846 2029 957 2092 reversi

179 2142 352 2203 conducunt
366 2142 482 2218 loricas,
498 2153 528 2205 et
542 2165 597 2205 cur
610 2165 670 2206 non
685 2144 807 2204 omnia?
828 2163 897 2203 cum
911 2143 973 2203 sint

180 2257 283 2336 quales
297 2277 336 2318 ex
349 2256 460 2317 humili
474 2278 585 2337 magua
598 2257 638 2318 ad
652 2257 774 2337 fastigia
789 2277 889 2318 rerum

179 2370 300 2431 extollit
314 2371 451 2450 quotiens
465 2370 565 2433 voluit
577 2369 717 2431 Fortuna
727 2370 833 2449 jocari.

179 2481 252 2561 quid
267 2481 384 2542 Romae
397 2481 528 2542 faciam?
548 2481 670 2542 mentiri
684 2480 792 2553 nescio,
808 2479 931 2552 librum,

179 2594 203 2654 si
219 2593 316 2654 malus
330 2603 383 2666 est,
396 2613 512 2673 nequeo
526 2593 653 2654 laudare
667 2601 697 2653 et
710 2612 839 2672 poscere,
855 2599 954 2652 motus

179 2713 326 2766 astrorum
342 2705 456 2784 ignoro,
470 2704 561 2764 funus
575 2704 751 2784 promittere
763 2702 860 2783 patris

179 2839 234 2880 nec
247 2817 317 2880 volo
331 2839 386 2879 nce
399 2837 529 2897 possum,
543 2837 687 2877 ranarum
701 2817 817 2879 viscera
830 2835 998 2895 numquam

179 2932 314 3012 inspexi;
335 2932 413 2992 ferre
427 2931 466 2992 ad
480 2940 608 3011 nuptam
623 2951 701 3010 quae
714 2930 810 2990 mittit
823 2930 954 3005 adulter,

179 3067 256 3127 quae
270 3044 404 3117 mandat,
418 3053 531 3105 norunt
544 3045 615 3118 alii;
635 3065 684 3105 me
697 3063 786 3103 nemo
800 3043 949 3105 ministro

167 3161 229 3222 'fur
242 3161 307 3234 erit,
322 3169 413 3240 atquc
427 3159 494 3220 ideo
509 3158 587 3220 nulli
602 3179 700 3220 comcs
714 3177 797 3230 exeo,
812 3165 969 3238 tamquam

180 3296 303 3336 mancus
317 3284 348 3334 et
361 3274 527 3335 exstinctae
542 3293 650 3351 corpus
664 3293 725 3332 non
739 3269 815 3332 utile
829 3271 962 3332 dextrae

179 3387 245 3467 quis
260 3407 340 3446 nunc
354 3386 502 3463 diligitur,
517 3385 575 3444 nisi
593 3384 738 3457 conscius,
752 3392 782 3443 ct
796 3383 845 3443 cui
860 3383 978 3444 fervens

179 3507 296 3559 aestuat
309 3497 436 3559 occultis
449 3495 569 3556 animus
583 3515 759 3575 semperque
772 3494 929 3556 tacendis?
