2536 3806
160 231 204 294 40
408 243 448 288 D.
465 241 586 289 IVNII
615 239 863 288 IVVENALIS

160 403 257 478 major
269 397 439 460 habebatur
452 397 585 458 donandi
599 396 696 476 gloria
705 395 728 470 z)
749 395 847 456 solum

160 515 318 596 poscimus,
333 522 368 572 ut
382 531 467 572 cenes
481 510 628 582 civiliter;
650 509 706 570 hoc
721 509 785 569 face
799 517 914 583 ateste,

160 638 231 703 esto,
246 637 281 688 ut
294 647 375 686 nunc
391 625 489 698 multi,
505 624 589 684 dives
603 622 669 695 tibi,
683 643 799 702 pauper
813 623 936 683 amicis!

203 740 325 802 Anseris
339 748 410 800 ante
424 738 523 817 ipsum
539 735 642 815 magni
651 735 747 814 jecur,
762 734 916 795 anseribus
930 755 988 814 par

161 855 264 928 altilis,
280 863 310 915 et
323 853 396 915 flavi
411 853 520 932 dignus
535 851 613 912 ferro
633 850 780 930 Meleagri
1062 851 1123 912 115

160 967 259 1028 fumat
273 987 363 1046 aper;
384 965 547 1045 posthunc
565 963 729 1054 tradentur
737 961 853 1035 tubera,
868 962 892 1022 si
907 983 961 1024 ver

161 1090 233 1141 tunc
248 1081 305 1140 erit
318 1088 348 1140 et
362 1079 473 1139 facient
487 1087 591 1158 optata
604 1077 739 1137 tonitrua
753 1096 841 1137 cenas

162 1195 297 1273 majores.
338 1193 410 1254 ‘tibi
424 1193 503 1253 habe
517 1191 721 1260 frumentum‚'
737 1191 877 1250 Alledius
891 1190 1000 1270 inquit,

162 1310 196 1366 ‘o
210 1305 318 1385 Libye,
332 1305 470 1384 disjunge
484 1304 583 1376 boves,
599 1304 673 1363 dum
687 1302 795 1363 tubera
808 1301 928 1362 mittas?

161 1424 339 1476 structorem
353 1415 476 1486 interea,
490 1435 528 1473 ne
542 1435 602 1493 qua
616 1413 785 1493 indignatio
800 1412 885 1485 desit,
1063 1411 1124 1474 120

161 1529 322 1589 saltantem
336 1538 449 1607 spectes
464 1536 494 1588 et
508 1527 739 1587 chironomunta
754 1525 872 1588 volanti

162 1640 294 1714 cultello,
308 1641 402 1701 donec
416 1648 542 1719 peragat
555 1639 670 1699 dictata
683 1638 820 1718 magistri

161 1753 263 1813 omnia
271 1774 280 1825 ;
300 1772 355 1812 neo
369 1752 494 1811 minimo
508 1772 580 1811 sane
594 1751 765 1812 discrimine
780 1750 879 1824 refert,

162 1887 221 1945 quo
235 1875 321 1946 gestu
336 1866 451 1945 lepores
465 1873 495 1925 et
509 1881 578 1945 quo·
583 1865 700 1944 gallina
713 1874 838 1926 secetur.

202 1978 330 2040 Duceris
344 1978 460 2057 planta,
474 1977 559 2039 velut
573 1978 650 2038 ictus
664 1977 703 2038 ab
723 1977 857 2038 Hercule
871 1976 977 2052 Cacus,
1062 1979 1124 2040 125

162 2101 192 2152 et
205 2112 316 2171 ponere
329 2091 410 2164 foris,
425 2091 449 2151 si
464 2091 537 2171 quid
552 2093 746 2170 temptaveris
762 2112 905 2172 umquam

161 2207 284 2280 hiscere,
292 2216 449 2286 tamquam
458 2205 569 2266 habeas
579 2205 638 2265 tria
647 2206 778 2266 nomina.
808 2207 928 2286 quando
937 2208 1080 2287 propinat

161 2318 255 2381 Virro
270 2318 325 2379 tibi
340 2319 469 2380 sumitve
483 2318 543 2378 tuis
557 2325 696 2378 contacta
710 2317 829 2378 labellis

161 2431 291 2511 pocula?
312 2431 378 2510 quis
392 2439 525 2492 vestrum
539 2429 715 2490 temerarius
730 2432 920 2510 usqueadeo,
936 2433 1002 2512 quis

162 2545 305 2626 perditus,
321 2554 356 2604 ut
370 2545 452 2605 dicat
466 2544 527 2623 regi
544 2543 668 2604 ‘bibel'
690 2544 824 2623 plurima
838 2556 917 2621 sunt,
932 2567 1009 2627 quae
1061 2547 1123 2610 130

163 2680 223 2720 non
238 2659 350 2719 audent
364 2658 499 2717 homines
514 2664 636 2736 pertusa
651 2657 749 2718 dicere
764 2657 869 2730 laena;

162 2772 384 2851 quadringenta
398 2769 455 2830 tibi
469 2770 494 2830 si
508 2769 574 2849 quis
589 2769 662 2830 deus
677 2780 731 2830 aut
744 2770 850 2832 similis
865 2772 912 2832 dls

163 2893 193 2945 et
207 2882 313 2943 melior
326 2881 396 2942 fatis
411 2881 536 2941 donaret
550 2881 722 2954 homunci0,
736 2892 867 2960 quantus

163 3018 202 3058 ex
215 2995 320 3070 nihilo,
335 3003 465 3075 quantus
479 2995 563 3055 fieres
578 2993 718 3056 Virronis
733 2995 862 3056 amicus!

163 3110 220 3170 ‘da
234 3107 359 3169 Trebiol
381 3128 459 3187 pone
473 3108 512 3168 ad
527 3106 687 3167 Trebium!
709 3107 764 3180 vis,
779 3107 881 3182 frater,
896 3108 935 3170 ab
949 3109 1020 3189 ipsis
1062 3110 1121 3172 135

163 3224 254 3285 ilibus
263 3223 291 3284 l'
333 3243 351 3283 o
365 3222 491 3296 nummi,
506 3220 591 3283 vobis
606 3221 688 3281 hunc
701 3229 834 3300 praestat
847 3223 1000 3296 honorem,

164 3359 217 3400 vos
231 3337 300 3396 estis
313 3336 439 3395 fratresl
467 3333 606 3394 domiuus
620 3341 721 3394 tamen
735 3343 764 3395 et
778 3334 894 3394 domini
907 3355 961 3395 rex

165 3447 189 3508 si
204 3447 250 3508 vis
264 3457 298 3506 tu
313 3445 386 3517 fieri,
400 3443 504 3503 nullus
518 3443 574 3503 tibi
588 3445 731 3522 parvolus
744 3445 817 3505 aula
