<?xml version="1.0" encoding="UTF-8"?>
<!DOCTYPE html PUBLIC "-//W3C//DTD XHTML 1.0 Transitional//EN"
    "http://www.w3.org/TR/xhtml1/DTD/xhtml1-transitional.dtd">
<html xmlns="http://www.w3.org/1999/xhtml" xml:lang="en" lang="en">
 <head>
  <title>
</title>
<meta http-equiv="Content-Type" content="text/html;charset=utf-8" />
  <meta name='ocr-system' content='tesseract 3.04.00' />
  <meta name='ocr-capabilities' content='ocr_page ocr_carea ocr_par ocr_line ocrx_word'/>
</head>
<body>
  <div class='ocr_page' id='page_1' title='image "./selectionsfroms01persgoog/selectionsfroms01persgoog_0024.png"; bbox 0 0 2536 3806; ppageno 0'>
   <div class='ocr_carea' id='block_1_1' title="bbox 479 298 710 346">
    <p class='ocr_par' dir='ltr' id='par_1_1' title="bbox 479 298 710 346">
     <span class='ocr_line' id='line_1_1' title="bbox 479 298 710 346; baseline 0.004 -2"><span class='ocrx_word' id='word_1_1' title='bbox 479 298 651 344; x_wconf 78' lang='lat' dir='ltr'>SATVRA</span> <span class='ocrx_word' id='word_1_2' title='bbox 680 299 710 346; x_wconf 90' lang='lat'><strong>1.</strong></span> 
     </span>
    </p>
   </div>
   <div class='ocr_carea' id='block_1_2' title="bbox 70 453 1075 1892">
    <p class='ocr_par' dir='ltr' id='par_1_2' title="bbox 70 453 1075 1892">
     <span class='ocr_line' id='line_1_2' title="bbox 70 453 914 535; baseline -0.001 -20"><span class='ocrx_word' id='word_1_3' title='bbox 70 519 75 526; x_wconf 65' lang='grc'><strong>,</strong></span> <span class='ocrx_word' id='word_1_4' title='bbox 110 454 359 535; x_wconf 91' lang='lat' dir='ltr'><strong>quandoquidem</strong></span> <span class='ocrx_word' id='word_1_5' title='bbox 374 453 520 515; x_wconf 90' lang='lat' dir='ltr'><strong>internos</strong></span> <span class='ocrx_word' id='word_1_6' title='bbox 535 454 723 515; x_wconf 89' lang='lat' dir='ltr'><strong>sanctissima</strong></span> <span class='ocrx_word' id='word_1_7' title='bbox 736 453 914 516; x_wconf 85' lang='lat' dir='ltr'><strong>divitiarum</strong></span> 
     </span>
     <span class='ocr_line' id='line_1_3' title="bbox 109 565 755 646; baseline 0.002 -21"><span class='ocrx_word' id='word_1_8' title='bbox 109 567 260 646; x_wconf 89' lang='lat' dir='ltr'><strong>majestas,</strong></span> <span class='ocrx_word' id='word_1_9' title='bbox 275 566 338 639; x_wconf 88' lang='lat' dir='ltr'><strong>etsi,</strong></span> <span class='ocrx_word' id='word_1_10' title='bbox 352 567 471 626; x_wconf 87' lang='lat' dir='ltr'><strong>funesta</strong></span> <span class='ocrx_word' id='word_1_11' title='bbox 486 565 628 639; x_wconf 79' lang='lat' dir='ltr'>Pecunia,</span> <span class='ocrx_word' id='word_1_12' title='bbox 642 565 755 645; x_wconf 87' lang='lat' dir='ltr'><strong>templo</strong></span> 
     </span>
     <span class='ocr_line' id='line_1_4' title="bbox 109 678 970 754; baseline 0.002 -16"><span class='ocrx_word' id='word_1_13' title='bbox 109 680 247 740; x_wconf 91' lang='lat' dir='ltr'><strong>nondum</strong></span> <span class='ocrx_word' id='word_1_14' title='bbox 262 678 390 752; x_wconf 85' lang='lat' dir='ltr'><strong>habitas,</strong></span> <span class='ocrx_word' id='word_1_15' title='bbox 405 678 506 740; x_wconf 89' lang='lat' dir='ltr'><strong>nullas</strong></span> <span class='ocrx_word' id='word_1_16' title='bbox 521 698 713 740; x_wconf 90' lang='lat' dir='ltr'><strong>nummorum</strong></span> <span class='ocrx_word' id='word_1_17' title='bbox 729 679 879 740; x_wconf 80' lang='lat' dir='ltr'><strong>ereximus</strong></span> <span class='ocrx_word' id='word_1_18' title='bbox 893 699 970 754; x_wconf 88' lang='lat' dir='ltr'><strong>aras,</strong></span> 
     </span>
     <span class='ocr_line' id='line_1_5' title="bbox 109 791 1075 873; baseline 0.003 -20"><span class='ocrx_word' id='word_1_19' title='bbox 109 802 145 854; x_wconf 88' lang='lat' dir='ltr'><strong>ut</strong></span> <span class='ocrx_word' id='word_1_20' title='bbox 159 793 272 854; x_wconf 88' lang='lat' dir='ltr'><strong>colitur</strong></span> <span class='ocrx_word' id='word_1_21' title='bbox 285 793 354 854; x_wconf 85' lang='lat' dir='ltr'><strong>Pax</strong></span> <span class='ocrx_word' id='word_1_22' title='bbox 368 802 460 873; x_wconf 87' lang='lat' dir='ltr'><strong>atque</strong></span> <span class='ocrx_word' id='word_1_23' title='bbox 474 792 574 866; x_wconf 81' lang='lat' dir='ltr'>Fides,</span> <span class='ocrx_word' id='word_1_24' title='bbox 590 791 738 865; x_wconf 80' lang='lat' dir='ltr'><strong>Victoria,</strong></span> <span class='ocrx_word' id='word_1_25' title='bbox 753 792 870 868; x_wconf 86' lang='lat' dir='ltr'><strong>Virtus,</strong></span> <span class='ocrx_word' id='word_1_26' title='bbox 1018 796 1075 856; x_wconf 89' lang='lat'><strong>115</strong></span> 
     </span>
     <span class='ocr_line' id='line_1_6' title="bbox 110 905 817 985; baseline 0.004 -21"><span class='ocrx_word' id='word_1_27' title='bbox 110 925 249 985; x_wconf 88' lang='lat' dir='ltr'><strong>quaeque</strong></span> <span class='ocrx_word' id='word_1_28' title='bbox 262 905 393 967; x_wconf 83' lang='lat' dir='ltr'><strong>salutato</strong></span> <span class='ocrx_word' id='word_1_29' title='bbox 409 905 537 985; x_wconf 76' lang='lat' dir='ltr'><strong>crepitat</strong></span> <span class='ocrx_word' id='word_1_30' title='bbox 547 905 721 971; x_wconf 75' lang='lat' dir='ltr'><strong>,Concordia</strong></span> <span class='ocrx_word' id='word_1_31' title='bbox 736 906 817 967; x_wconf 88' lang='lat' dir='ltr'><strong>nido.</strong></span> 
     </span>
     <span class='ocr_line' id='line_1_7' title="bbox 150 1017 913 1097; baseline 0.003 -19"><span class='ocrx_word' id='word_1_32' title='bbox 150 1017 211 1078; x_wconf 82' lang='lat' dir='ltr'><strong>Sed</strong></span> <span class='ocrx_word' id='word_1_33' title='bbox 225 1038 294 1079; x_wconf 91' lang='lat' dir='ltr'><strong>cum</strong></span> <span class='ocrx_word' id='word_1_34' title='bbox 308 1038 443 1079; x_wconf 89' lang='lat' dir='ltr'><strong>summus</strong></span> <span class='ocrx_word' id='word_1_35' title='bbox 456 1018 553 1079; x_wconf 89' lang='lat' dir='ltr'><strong>honor</strong></span> <span class='ocrx_word' id='word_1_36' title='bbox 566 1017 652 1078; x_wconf 90' lang='lat' dir='ltr'><strong>finito</strong></span> <span class='ocrx_word' id='word_1_37' title='bbox 666 1027 820 1097; x_wconf 91' lang='lat' dir='ltr'><strong>computet</strong></span> <span class='ocrx_word' id='word_1_38' title='bbox 832 1039 913 1080; x_wconf 90' lang='lat' dir='ltr'><strong>anno</strong></span> 
     </span>
     <span class='ocr_line' id='line_1_8' title="bbox 109 1129 931 1210; baseline 0.002 -20"><span class='ocrx_word' id='word_1_39' title='bbox 109 1130 248 1210; x_wconf 75' lang='lat' dir='ltr'><strong>sportula</strong></span> <span class='ocrx_word' id='word_1_40' title='bbox 263 1130 336 1210; x_wconf 92' lang='lat' dir='ltr'><strong>quid</strong></span> <span class='ocrx_word' id='word_1_41' title='bbox 352 1130 470 1204; x_wconf 86' lang='lat' dir='ltr'><strong>referat,</strong></span> <span class='ocrx_word' id='word_1_42' title='bbox 485 1138 634 1209; x_wconf 90' lang='lat' dir='ltr'><strong>quantum</strong></span> <span class='ocrx_word' id='word_1_43' title='bbox 649 1129 815 1190; x_wconf 90' lang='lat' dir='ltr'><strong>rationibus</strong></span> <span class='ocrx_word' id='word_1_44' title='bbox 829 1131 931 1206; x_wconf 90' lang='lat' dir='ltr'><strong>addat,</strong></span> 
     </span>
     <span class='ocr_line' id='line_1_9' title="bbox 110 1241 994 1324; baseline 0.003 -21"><span class='ocrx_word' id='word_1_45' title='bbox 110 1245 185 1324; x_wconf 93' lang='lat' dir='ltr'><strong>quid</strong></span> <span class='ocrx_word' id='word_1_46' title='bbox 195 1244 308 1305; x_wconf 84' lang='lat' dir='ltr'><strong>facient</strong></span> <span class='ocrx_word' id='word_1_47' title='bbox 316 1245 447 1318; x_wconf 79' lang='lat' dir='ltr'><strong>comites,</strong></span> <span class='ocrx_word' id='word_1_48' title='bbox 456 1241 566 1324; x_wconf 87' lang='lat' dir='ltr'><strong>quibus</strong></span> <span class='ocrx_word' id='word_1_49' title='bbox 574 1244 646 1304; x_wconf 88' lang='lat' dir='ltr'><strong>hine</strong></span> <span class='ocrx_word' id='word_1_50' title='bbox 654 1252 734 1324; x_wconf 92' lang='lat' dir='ltr'><strong>toga,</strong></span> <span class='ocrx_word' id='word_1_51' title='bbox 743 1243 860 1306; x_wconf 88' lang='lat' dir='ltr'><strong>calceus</strong></span> <span class='ocrx_word' id='word_1_52' title='bbox 869 1246 994 1308; x_wconf 90' lang='lat' dir='ltr'><strong>hincest</strong></span> 
     </span>
     <span class='ocr_line' id='line_1_10' title="bbox 109 1357 1074 1438; baseline 0.005 -20"><span class='ocrx_word' id='word_1_53' title='bbox 109 1367 140 1418; x_wconf 89' lang='lat' dir='ltr'><strong>et</strong></span> <span class='ocrx_word' id='word_1_54' title='bbox 154 1358 242 1437; x_wconf 88' lang='lat' dir='ltr'><strong>panis</strong></span> <span class='ocrx_word' id='word_1_55' title='bbox 255 1358 416 1438; x_wconf 84' lang='lat' dir='ltr'><strong>fumusque</strong></span> <span class='ocrx_word' id='word_1_56' title='bbox 429 1358 533 1419; x_wconf 81' lang='lat' dir='ltr'><strong>domi?</strong></span> <span class='ocrx_word' id='word_1_57' title='bbox 554 1357 730 1419; x_wconf 89' lang='lat' dir='ltr'><strong>densissima</strong></span> <span class='ocrx_word' id='word_1_58' title='bbox 744 1367 865 1420; x_wconf 89' lang='lat' dir='ltr'><strong>centum</strong></span> <span class='ocrx_word' id='word_1_59' title='bbox 1015 1360 1074 1423; x_wconf 83' lang='lat'><strong>120</strong></span> 
     </span>
     <span class='ocr_line' id='line_1_11' title="bbox 109 1472 882 1552; baseline 0.003 -21"><span class='ocrx_word' id='word_1_60' title='bbox 109 1472 293 1550; x_wconf 83' lang='lat' dir='ltr'><strong>quadrantes</strong></span> <span class='ocrx_word' id='word_1_61' title='bbox 308 1472 415 1534; x_wconf 82' lang='lat' dir='ltr'><strong>lectica</strong></span> <span class='ocrx_word' id='word_1_62' title='bbox 428 1472 514 1552; x_wconf 88' lang='lat' dir='ltr'><strong>petit,</strong></span> <span class='ocrx_word' id='word_1_63' title='bbox 529 1473 723 1552; x_wconf 85' lang='lat' dir='ltr'><strong>sequiturque</strong></span> <span class='ocrx_word' id='word_1_64' title='bbox 739 1473 882 1533; x_wconf 91' lang='lat' dir='ltr'><strong>maritum</strong></span> 
     </span>
     <span class='ocr_line' id='line_1_12' title="bbox 108 1584 879 1664; baseline 0.005 -20"><span class='ocrx_word' id='word_1_65' title='bbox 108 1584 257 1664; x_wconf 84' lang='lat' dir='ltr'><strong>languida</strong></span> <span class='ocrx_word' id='word_1_66' title='bbox 270 1585 320 1647; x_wconf 85' lang='lat' dir='ltr'><strong>vel</strong></span> <span class='ocrx_word' id='word_1_67' title='bbox 333 1606 482 1664; x_wconf 81' lang='lat' dir='ltr'><strong>praegnas</strong></span> <span class='ocrx_word' id='word_1_68' title='bbox 496 1594 526 1646; x_wconf 90' lang='lat' dir='ltr'><strong>et</strong></span> <span class='ocrx_word' id='word_1_69' title='bbox 540 1586 777 1646; x_wconf 87' lang='lat' dir='ltr'><strong>circumducitur</strong></span> <span class='ocrx_word' id='word_1_70' title='bbox 789 1607 879 1649; x_wconf 88' lang='lat' dir='ltr'><strong>uxor.</strong></span> 
     </span>
     <span class='ocr_line' id='line_1_13' title="bbox 108 1697 787 1777; baseline 0.003 -20"><span class='ocrx_word' id='word_1_71' title='bbox 108 1697 160 1757; x_wconf 89' lang='lat' dir='ltr'><strong>hic</strong></span> <span class='ocrx_word' id='word_1_72' title='bbox 173 1697 251 1776; x_wconf 91' lang='lat' dir='ltr'><strong>petit</strong></span> <span class='ocrx_word' id='word_1_73' title='bbox 264 1697 390 1769; x_wconf 89' lang='lat' dir='ltr'><strong>absenti,</strong></span> <span class='ocrx_word' id='word_1_74' title='bbox 405 1706 477 1758; x_wconf 89' lang='lat' dir='ltr'><strong>nota</strong></span> <span class='ocrx_word' id='word_1_75' title='bbox 489 1698 556 1777; x_wconf 88' lang='lat' dir='ltr'><strong>jam</strong></span> <span class='ocrx_word' id='word_1_76' title='bbox 570 1698 699 1759; x_wconf 86' lang='lat' dir='ltr'><strong>callidus</strong></span> <span class='ocrx_word' id='word_1_77' title='bbox 713 1707 787 1773; x_wconf 89' lang='lat' dir='ltr'><strong>arte,</strong></span> 
     </span>
     <span class='ocr_line' id='line_1_14' title="bbox 107 1808 943 1892; baseline 0.004 -22"><span class='ocrx_word' id='word_1_78' title='bbox 107 1809 266 1870; x_wconf 89' lang='lat' dir='ltr'><strong>ostendens</strong></span> <span class='ocrx_word' id='word_1_79' title='bbox 281 1829 410 1871; x_wconf 87' lang='lat' dir='ltr'><strong>vacuam</strong></span> <span class='ocrx_word' id='word_1_80' title='bbox 424 1817 454 1870; x_wconf 92' lang='lat' dir='ltr'><strong>et</strong></span> <span class='ocrx_word' id='word_1_81' title='bbox 468 1808 602 1872; x_wconf 88' lang='lat' dir='ltr'><strong>clausam</strong></span> <span class='ocrx_word' id='word_1_82' title='bbox 616 1831 672 1890; x_wconf 90' lang='lat' dir='ltr'><strong>pro</strong></span> <span class='ocrx_word' id='word_1_83' title='bbox 686 1811 813 1892; x_wconf 85' lang='lat' dir='ltr'><strong>conjuga</strong></span> <span class='ocrx_word' id='word_1_84' title='bbox 826 1810 943 1873; x_wconf 88' lang='lat' dir='ltr'><strong>sellam.</strong></span> 
     </span>
    </p>
   </div>
   <div class='ocr_carea' id='block_1_3' title="bbox 108 1907 1073 2001">
    <p class='ocr_par' dir='ltr' id='par_1_3' title="bbox 108 1907 1073 2001">
     <span class='ocr_line' id='line_1_15' title="bbox 108 1907 1073 2001; baseline 0.006 -19"><span class='ocrx_word' id='word_1_85' title='bbox 108 1920 221 1982; x_wconf 87' lang='lat' dir='ltr'><strong>‘Galla</strong></span> <span class='ocrx_word' id='word_1_86' title='bbox 235 1942 302 1981; x_wconf 90' lang='lat' dir='ltr'><strong>mea</strong></span> <span class='ocrx_word' id='word_1_87' title='bbox 316 1921 378 1995; x_wconf 88' lang='lat' dir='ltr'><strong>est,&#39;</strong></span> <span class='ocrx_word' id='word_1_88' title='bbox 393 1920 502 2001; x_wconf 91' lang='lat' dir='ltr'><strong>inquit,</strong></span> <span class='ocrx_word' id='word_1_89' title='bbox 516 1907 623 1984; x_wconf 75' lang='lat' dir='ltr'><strong>‘citius</strong></span> <span class='ocrx_word' id='word_1_90' title='bbox 638 1922 765 1985; x_wconf 81' lang='lat' dir='ltr'><strong>dimitte</strong></span> <span class='ocrx_word' id='word_1_91' title='bbox 807 1925 955 1986; x_wconf 82' lang='lat' dir='ltr'><strong>moraris?</strong></span> <span class='ocrx_word' id='word_1_92' title='bbox 1015 1927 1073 1988; x_wconf 85' lang='lat'><strong>125</strong></span> 
     </span>
    </p>
   </div>
   <div class='ocr_carea' id='block_1_4' title="bbox 107 2033 1074 3476">
    <p class='ocr_par' dir='ltr' id='par_1_4' title="bbox 107 2033 1074 3476">
     <span class='ocr_line' id='line_1_16' title="bbox 107 2033 843 2117; baseline 0.005 -23"><span class='ocrx_word' id='word_1_93' title='bbox 107 2035 218 2117; x_wconf 89' lang='lat' dir='ltr'><strong>profer,</strong></span> <span class='ocrx_word' id='word_1_94' title='bbox 234 2033 336 2105; x_wconf 84' lang='lat' dir='ltr'><strong>Galla,</strong></span> <span class='ocrx_word' id='word_1_95' title='bbox 350 2036 458 2115; x_wconf 90' lang='lat' dir='ltr'><strong>caputl</strong></span> <span class='ocrx_word' id='word_1_96' title='bbox 480 2035 544 2096; x_wconf 90' lang='lat' dir='ltr'><strong>noli</strong></span> <span class='ocrx_word' id='word_1_97' title='bbox 558 2056 679 2110; x_wconf 85' lang='lat' dir='ltr'><strong>vexare,</strong></span> <span class='ocrx_word' id='word_1_98' title='bbox 694 2037 843 2116; x_wconf 68' lang='lat' dir='ltr'><strong>quiescet?</strong></span> 
     </span>
     <span class='ocr_line' id='line_1_17' title="bbox 149 2148 904 2230; baseline 0.001 -19"><span class='ocrx_word' id='word_1_99' title='bbox 149 2149 219 2229; x_wconf 90' lang='lat' dir='ltr'><strong>Ipse</strong></span> <span class='ocrx_word' id='word_1_100' title='bbox 232 2150 296 2210; x_wconf 79' lang='lat' dir='ltr'><strong>dies</strong></span> <span class='ocrx_word' id='word_1_101' title='bbox 309 2150 438 2230; x_wconf 90' lang='lat' dir='ltr'><strong>pulchro</strong></span> <span class='ocrx_word' id='word_1_102' title='bbox 452 2148 650 2230; x_wconf 86' lang='lat' dir='ltr'><strong>distinguitur</strong></span> <span class='ocrx_word' id='word_1_103' title='bbox 664 2151 768 2212; x_wconf 89' lang='lat' dir='ltr'><strong>ordine</strong></span> <span class='ocrx_word' id='word_1_104' title='bbox 783 2172 904 2213; x_wconf 89' lang='lat' dir='ltr'><strong>rerum:</strong></span> 
     </span>
     <span class='ocr_line' id='line_1_18' title="bbox 107 2261 904 2344; baseline 0.003 -20"><span class='ocrx_word' id='word_1_105' title='bbox 107 2262 254 2343; x_wconf 88' lang='lat' dir='ltr'><strong>sportula,</strong></span> <span class='ocrx_word' id='word_1_106' title='bbox 268 2262 377 2323; x_wconf 91' lang='lat' dir='ltr'><strong>deiude</strong></span> <span class='ocrx_word' id='word_1_107' title='bbox 391 2261 490 2323; x_wconf 85' lang='lat' dir='ltr'><strong>forum</strong></span> <span class='ocrx_word' id='word_1_108' title='bbox 499 2264 638 2344; x_wconf 91' lang='lat' dir='ltr'><strong>jurisque</strong></span> <span class='ocrx_word' id='word_1_109' title='bbox 651 2264 766 2342; x_wconf 88' lang='lat' dir='ltr'><strong>peritus</strong></span> <span class='ocrx_word' id='word_1_110' title='bbox 780 2263 904 2344; x_wconf 91' lang='lat' dir='ltr'><strong>Apollo,</strong></span> 
     </span>
     <span class='ocr_line' id='line_1_19' title="bbox 108 2378 834 2460; baseline 0.001 -20"><span class='ocrx_word' id='word_1_111' title='bbox 108 2390 201 2460; x_wconf 88' lang='lat' dir='ltr'><strong>atque</strong></span> <span class='ocrx_word' id='word_1_112' title='bbox 213 2378 422 2458; x_wconf 88' lang='lat' dir='ltr'><strong>triumphales,</strong></span> <span class='ocrx_word' id='word_1_113' title='bbox 436 2379 516 2440; x_wconf 90' lang='lat' dir='ltr'><strong>inter</strong></span> <span class='ocrx_word' id='word_1_114' title='bbox 530 2399 604 2460; x_wconf 88' lang='lat' dir='ltr'><strong>quas</strong></span> <span class='ocrx_word' id='word_1_115' title='bbox 618 2401 708 2440; x_wconf 89' lang='lat' dir='ltr'><strong>ausus</strong></span> <span class='ocrx_word' id='word_1_116' title='bbox 718 2379 834 2442; x_wconf 85' lang='lat' dir='ltr'><strong>&#39;habere</strong></span> 
     </span>
     <span class='ocr_line' id='line_1_20' title="bbox 108 2492 1074 2574; baseline 0.005 -20"><span class='ocrx_word' id='word_1_117' title='bbox 108 2495 208 2555; x_wconf 74' lang='lat' dir='ltr'><strong>nescio</strong></span> <span class='ocrx_word' id='word_1_118' title='bbox 223 2493 290 2574; x_wconf 88' lang='lat' dir='ltr'><strong>quis</strong></span> <span class='ocrx_word' id='word_1_119' title='bbox 303 2492 409 2554; x_wconf 89' lang='lat' dir='ltr'><strong>titulos</strong></span> <span class='ocrx_word' id='word_1_120' title='bbox 423 2493 595 2574; x_wconf 86' lang='lat' dir='ltr'><strong>Aegyptius</strong></span> <span class='ocrx_word' id='word_1_121' title='bbox 610 2505 701 2574; x_wconf 88' lang='lat' dir='ltr'><strong>atque</strong></span> <span class='ocrx_word' id='word_1_122' title='bbox 715 2493 917 2571; x_wconf 85' lang='lat' dir='ltr'><strong>Arabarches,</strong></span> <span class='ocrx_word' id='word_1_123' title='bbox 1015 2497 1074 2560; x_wconf 90' lang='grc'><strong>130</strong></span> 
     </span>
     <span class='ocr_line' id='line_1_21' title="bbox 108 2603 852 2685; baseline 0.003 -19"><span class='ocrx_word' id='word_1_124' title='bbox 108 2607 195 2685; x_wconf 91' lang='lat' dir='ltr'><strong>cujus</strong></span> <span class='ocrx_word' id='word_1_125' title='bbox 210 2603 250 2665; x_wconf 89' lang='lat' dir='ltr'><strong>ad</strong></span> <span class='ocrx_word' id='word_1_126' title='bbox 263 2605 391 2684; x_wconf 87' lang='lat' dir='ltr'><strong>effigiem</strong></span> <span class='ocrx_word' id='word_1_127' title='bbox 406 2625 468 2666; x_wconf 91' lang='lat' dir='ltr'><strong>non</strong></span> <span class='ocrx_word' id='word_1_128' title='bbox 482 2614 603 2666; x_wconf 82' lang='lat' dir='ltr'><strong>tantum</strong></span> <span class='ocrx_word' id='word_1_129' title='bbox 616 2606 727 2667; x_wconf 88' lang='lat' dir='ltr'><strong>meiere</strong></span> <span class='ocrx_word' id='word_1_130' title='bbox 740 2606 786 2667; x_wconf 86' lang='lat' dir='ltr'><strong>fas</strong></span> <span class='ocrx_word' id='word_1_131' title='bbox 800 2616 852 2668; x_wconf 82' lang='lat' dir='ltr'><strong>est</strong></span> 
     </span>
     <span class='ocr_line' id='line_1_22' title="bbox 108 2713 806 2796; baseline -0.001 -17"><span class='ocrx_word' id='word_1_132' title='bbox 108 2714 267 2779; x_wconf 87' lang='lat' dir='ltr'><strong>vestibulis</strong></span> <span class='ocrx_word' id='word_1_133' title='bbox 281 2713 396 2776; x_wconf 92' lang='lat' dir='ltr'><strong>abeunt</strong></span> <span class='ocrx_word' id='word_1_134' title='bbox 409 2726 524 2778; x_wconf 77' lang='lat' dir='ltr'><strong>veteres</strong></span> <span class='ocrx_word' id='word_1_135' title='bbox 538 2715 668 2796; x_wconf 87' lang='lat' dir='ltr'><strong>lassique</strong></span> <span class='ocrx_word' id='word_1_136' title='bbox 682 2717 806 2778; x_wconf 87' lang='lat' dir='ltr'><strong>clientes</strong></span> 
     </span>
     <span class='ocr_line' id='line_1_23' title="bbox 108 2826 968 2908; baseline -0.002 -16"><span class='ocrx_word' id='word_1_137' title='bbox 108 2837 241 2908; x_wconf 88' lang='lat' dir='ltr'><strong>votaque</strong></span> <span class='ocrx_word' id='word_1_138' title='bbox 254 2826 418 2907; x_wconf 92' lang='lat' dir='ltr'><strong>deponunt,</strong></span> <span class='ocrx_word' id='word_1_139' title='bbox 434 2848 617 2908; x_wconf 91' lang='lat' dir='ltr'><strong>quamquam</strong></span> <span class='ocrx_word' id='word_1_140' title='bbox 633 2828 808 2908; x_wconf 88' lang='lat' dir='ltr'><strong>longissima</strong></span> <span class='ocrx_word' id='word_1_141' title='bbox 821 2848 913 2890; x_wconf 84' lang='lat' dir='ltr'><strong>cenas</strong></span> <span class='ocrx_word' id='word_1_142' title='bbox 964 2849 968 2860; x_wconf 89' lang='grc'><strong><em>·</em></strong></span> 
     </span>
     <span class='ocr_line' id='line_1_24' title="bbox 108 2938 936 3023; baseline -0.002 -20"><span class='ocrx_word' id='word_1_143' title='bbox 108 2963 176 3023; x_wconf 87' lang='lat' dir='ltr'><strong>spes</strong></span> <span class='ocrx_word' id='word_1_144' title='bbox 189 2939 325 3001; x_wconf 88' lang='lat' dir='ltr'><strong>homini:</strong></span> <span class='ocrx_word' id='word_1_145' title='bbox 347 2938 443 3002; x_wconf 87' lang='lat' dir='ltr'><strong>caulis</strong></span> <span class='ocrx_word' id='word_1_146' title='bbox 456 2940 572 3000; x_wconf 89' lang='lat' dir='ltr'><strong>miseris</strong></span> <span class='ocrx_word' id='word_1_147' title='bbox 586 2949 678 3019; x_wconf 87' lang='lat' dir='ltr'><strong>atque</strong></span> <span class='ocrx_word' id='word_1_148' title='bbox 692 2940 770 3020; x_wconf 90' lang='lat' dir='ltr'><strong>ignis</strong></span> <span class='ocrx_word' id='word_1_149' title='bbox 783 2941 936 3001; x_wconf 86' lang='lat' dir='ltr'><strong>emendus.</strong></span> 
     </span>
     <span class='ocr_line' id='line_1_25' title="bbox 108 3051 1074 3136; baseline -0.006 -19"><span class='ocrx_word' id='word_1_150' title='bbox 108 3056 226 3136; x_wconf 89' lang='lat' dir='ltr'><strong>optima</strong></span> <span class='ocrx_word' id='word_1_151' title='bbox 239 3053 388 3114; x_wconf 88' lang='lat' dir='ltr'><strong>silvarum</strong></span> <span class='ocrx_word' id='word_1_152' title='bbox 404 3053 520 3112; x_wconf 88' lang='lat' dir='ltr'><strong>interea</strong></span> <span class='ocrx_word' id='word_1_153' title='bbox 534 3051 695 3132; x_wconf 86' lang='lat' dir='ltr'><strong>pelagique</strong></span> <span class='ocrx_word' id='word_1_154' title='bbox 708 3051 829 3114; x_wconf 88' lang='lat' dir='ltr'><strong>vorabit</strong></span> <span class='ocrx_word' id='word_1_155' title='bbox 1016 3055 1074 3116; x_wconf 87' lang='lat'><strong>135</strong></span> 
     </span>
     <span class='ocr_line' id='line_1_26' title="bbox 109 3165 912 3246; baseline -0.004 -15"><span class='ocrx_word' id='word_1_156' title='bbox 109 3191 164 3231; x_wconf 85' lang='lat' dir='ltr'><strong>rex</strong></span> <span class='ocrx_word' id='word_1_157' title='bbox 179 3170 298 3240; x_wconf 91' lang='lat' dir='ltr'><strong>horum,</strong></span> <span class='ocrx_word' id='word_1_158' title='bbox 313 3167 478 3246; x_wconf 84' lang='lat' dir='ltr'><strong>vacuisque</strong></span> <span class='ocrx_word' id='word_1_159' title='bbox 492 3165 565 3226; x_wconf 88' lang='lat' dir='ltr'><strong>toris</strong></span> <span class='ocrx_word' id='word_1_160' title='bbox 579 3174 701 3225; x_wconf 90' lang='lat' dir='ltr'><strong>tantum</strong></span> <span class='ocrx_word' id='word_1_161' title='bbox 717 3165 779 3245; x_wconf 88' lang='lat' dir='ltr'><strong>ipse</strong></span> <span class='ocrx_word' id='word_1_162' title='bbox 788 3165 912 3245; x_wconf 85' lang='lat' dir='ltr'><strong>jacebit.</strong></span> 
     </span>
     <span class='ocr_line' id='line_1_27' title="bbox 108 3253 833 3359; baseline -0.008 -15"><span class='ocrx_word' id='word_1_163' title='bbox 108 3253 182 3344; x_wconf 82' lang='lat' dir='ltr'><strong>nain</strong></span> <span class='ocrx_word' id='word_1_164' title='bbox 195 3281 235 3342; x_wconf 90' lang='lat' dir='ltr'><strong>de</strong></span> <span class='ocrx_word' id='word_1_165' title='bbox 249 3289 294 3341; x_wconf 88' lang='lat' dir='ltr'><strong>tot</strong></span> <span class='ocrx_word' id='word_1_166' title='bbox 308 3279 444 3359; x_wconf 85' lang='lat' dir='ltr'><strong>pulchris</strong></span> <span class='ocrx_word' id='word_1_167' title='bbox 459 3287 490 3340; x_wconf 90' lang='lat' dir='ltr'><strong>et</strong></span> <span class='ocrx_word' id='word_1_168' title='bbox 504 3277 575 3338; x_wconf 89' lang='lat' dir='ltr'><strong>latis</strong></span> <span class='ocrx_word' id='word_1_169' title='bbox 588 3278 713 3339; x_wconf 88' lang='lat' dir='ltr'><strong>orbibus</strong></span> <span class='ocrx_word' id='word_1_170' title='bbox 726 3287 757 3338; x_wconf 93' lang='lat' dir='ltr'><strong>et</strong></span> <span class='ocrx_word' id='word_1_171' title='bbox 770 3287 833 3338; x_wconf 90' lang='lat' dir='ltr'><strong>tam</strong></span> 
     </span>
     <span class='ocr_line' id='line_1_28' title="bbox 108 3391 819 3476; baseline -0.008 -18"><span class='ocrx_word' id='word_1_172' title='bbox 108 3395 244 3476; x_wconf 88' lang='lat' dir='ltr'><strong>antiquis</strong></span> <span class='ocrx_word' id='word_1_173' title='bbox 258 3413 321 3454; x_wconf 86' lang='lat' dir='ltr'><strong>una</strong></span> <span class='ocrx_word' id='word_1_174' title='bbox 334 3393 498 3454; x_wconf 86' lang='lat' dir='ltr'><strong>comedunt</strong></span> <span class='ocrx_word' id='word_1_175' title='bbox 510 3391 696 3472; x_wconf 88' lang='lat' dir='ltr'><strong>patrimonia</strong></span> <span class='ocrx_word' id='word_1_176' title='bbox 709 3412 819 3452; x_wconf 87' lang='lat' dir='ltr'><strong>mensa</strong></span> 
     </span>
    </p>
   </div>
   <div class='ocr_carea' id='block_1_5' title="bbox 107 3508 894 3658">
    <p class='ocr_par' dir='ltr' id='par_1_5' title="bbox 107 3508 894 3658">
     <span class='ocr_line' id='line_1_29' title="bbox 107 3508 894 3588; baseline -0.003 -16"><span class='ocrx_word' id='word_1_177' title='bbox 107 3510 215 3572; x_wconf 90' lang='lat' dir='ltr'><strong>nullus</strong></span> <span class='ocrx_word' id='word_1_178' title='bbox 227 3510 292 3585; x_wconf 86' lang='lat' dir='ltr'><strong>jam</strong></span> <span class='ocrx_word' id='word_1_179' title='bbox 307 3509 459 3588; x_wconf 84' lang='lat' dir='ltr'><strong>parasitus</strong></span> <span class='ocrx_word' id='word_1_180' title='bbox 473 3508 539 3571; x_wconf 90' lang='lat' dir='ltr'><strong>erit.</strong></span> <span class='ocrx_word' id='word_1_181' title='bbox 582 3508 634 3570; x_wconf 89' lang='lat' dir='ltr'><strong>sed</strong></span> <span class='ocrx_word' id='word_1_182' title='bbox 649 3508 716 3588; x_wconf 89' lang='lat' dir='ltr'><strong>quis</strong></span> <span class='ocrx_word' id='word_1_183' title='bbox 730 3508 808 3570; x_wconf 82' lang='lat' dir='ltr'><strong>serat</strong></span> <span class='ocrx_word' id='word_1_184' title='bbox 821 3509 894 3570; x_wconf 88' lang='lat' dir='ltr'><strong>istas</strong></span> 
     </span>
     <span class='ocr_line' id='line_1_30' title="bbox 219 3603 612 3658; baseline -0.003 -2"><span class='ocrx_word' id='word_1_185' title='bbox 219 3603 349 3658; x_wconf 82' lang='lat' dir='ltr'><strong>2-Juv.</strong></span> <span class='ocrx_word' id='word_1_186' title='bbox 561 3604 612 3656; x_wconf 79' lang='lat' dir='ltr'><strong>Ba</strong></span> 
     </span>
    </p>
   </div>
   <div class='ocr_carea' id='block_1_6' title="bbox 0 0 1272 3806">
    <p class='ocr_par' dir='ltr' id='par_1_6' title="bbox 0 0 1272 3806">
     <span class='ocr_line' id='line_1_31' title="bbox 0 0 1272 3806; baseline 0 0"><span class='ocrx_word' id='word_1_187' title='bbox 0 0 1272 3806; x_wconf 95' lang='lat' dir='ltr'><strong> </strong></span> 
     </span>
    </p>
   </div>
  </div>
 </body>
</html>
