2536 3806
468 224 640 272 SATVRA
669 224 767 272 XIV.

575 477 669 542 XIV.

138 623 278 688 Plurima
291 633 370 700 suut,
385 623 524 698 Fuscine,
538 625 665 685 etfama
679 625 772 706 digna
785 625 907 688 sinistra

137 749 167 800 et
181 739 286 800 nitidis
300 737 452 799 maculam
467 738 625 798 haesuram
640 737 764 818 figentia
778 738 876 814 rebus,

136 872 216 932 quae
230 859 399 912 monstrant
413 851 470 930 ipsi
484 851 585 929 pueris
599 839 784 930 traduntque
797 860 945 931 parentes.

135 965 161 1025 si
175 964 322 1025 damnosa
335 983 434 1024 senem
451 964 543 1043 juvat
556 962 632 1036 alea,
646 963 727 1024 ludit
740 972 770 1024 et
783 964 869 1026 heres

135 1077 273 1139 bullatus
289 1096 444 1157 parvoque
458 1077 563 1137 eadem
578 1086 679 1138 movet
692 1097 779 1138 arma
792 1077 908 1140 fritillo.

134 1208 191 1250 nec
205 1187 314 1248 melius
328 1188 365 1249 de
378 1208 410 1248 sc
424 1187 565 1266 cuiquam
580 1207 701 1266 sperare
714 1188 885 1268 propinquo

135 1302 280 1366 concedet
295 1302 426 1383 juvenis,
441 1301 494 1382 qui
508 1301 613 1362 radere
627 1301 734 1362 tubera
747 1310 855 1377 terrae,

135 1415 272 1478 boletum
287 1415 409 1476 condire
424 1422 454 1474 et
467 1413 572 1474 codem
588 1414 658 1491 jure
671 1415 805 1474 natantis

135 1549 272 1609 mergere
285 1526 399 1588 ficellas
414 1526 530 1598 didicit,
545 1525 695 1588 nebulone
708 1535 833 1606 parente

136 1651 167 1704 et
181 1661 259 1702 cana
272 1649 459 1700 monstrante
472 1639 554 1719 gula.
596 1660 665 1700 oum
679 1641 823 1720 septimus
837 1661 935 1704 annus
1057 1643 1096 1706 10

138 1757 292 1818 transierit
305 1777 443 1836 puerum,
457 1755 592 1814 nondum
607 1753 689 1813 omni
703 1753 792 1813 dente
807 1764 920 1828 renato,

136 1869 280 1930 barbatos
295 1869 366 1930 licet
380 1867 542 1928 admoveas
556 1866 641 1927 mille
654 1866 725 1926 inde
739 1867 906 1946 magistros,

136 1985 209 2047 hinc
223 1985 358 2058 totidem,
373 1983 474 2062 cupiet
489 1982 572 2042 lauto
588 2001 694 2041 cenare
708 1990 817 2060 paratu

135 2119 254 2178 semper
270 2108 300 2160 et
314 2120 332 2160 a
346 2118 458 2178 magua
471 2116 532 2156 nou
546 2095 727 2174 degenerare
741 2095 852 2156 culina.

134 2213 241 2274 mitem
256 2215 391 2274 animum
406 2221 435 2273 et
449 2232 545 2272 mores
560 2209 685 2271 modicis
699 2211 849 2272 erroribus
863 2233 972 2294 aequos
1055 2214 1093 2275 15

134 2330 292 2409 praecipit,
308 2339 399 2409 atque
413 2329 529 2390 animas
543 2347 697 2389 servorum
714 2336 743 2388 et
758 2347 883 2407 corpora
897 2337 999 2389 nostra

134 2444 263 2504 materia
277 2453 414 2504 constare
428 2452 517 2522 putat
532 2441 714 2522 paribusque
728 2441 891 2516 elementis,

132 2577 175 2618 an
189 2539 405 2619 saevire'docet
420 2557 553 2630 Rutilus,
568 2556 621 2637 qui
634 2557 747 2636 gaudet
761 2556 868 2617 acerbo

131 2670 295 2751 plagarum
310 2671 437 2750 strepitu
452 2679 482 2730 et
496 2670 614 2731 nullam
629 2670 734 2731 Sirena
748 2669 877 2749 flagellis

132 2792 288 2863 conparat,
303 2783 488 2862 Antiphates
503 2783 613 2862 trepidi
628 2783 700 2843 laris
715 2803 751 2842 ac
764 2781 979 2863 Polyphemus,
1051 2784 1090 2846 20

130 2906 207 2957 tunc
220 2896 304 2970 felix,
319 2896 456 2976 quotiens
471 2897 580 2976 aliquis
595 2905 707 2957 tortore
720 2904 827 2957 vocato

131 3009 233 3070 uritur
246 3009 364 3070 ardenti
379 3009 439 3070 duo
452 3019 575 3089 propter
589 3009 683 3072 lintea
698 3011 797 3071 ferro?

130 3122 206 3202 quid
220 3122 326 3183 suadet
342 3122 449 3203 juveni
464 3122 561 3185 laetus
575 3123 702 3184 stridore
716 3131 848 3196 catenae,

130 3253 220 3312 quem
235 3232 311 3292 mire
325 3231 461 3292 afficiunt
475 3232 620 3312 inscripta
635 3233 796 3312 ergastula,
811 3234 933 3294 carcer?
1050 3237 1089 3296 24

129 3347 172 3408 sic
187 3356 297 3407 natura
314 3346 419 3426 jubet:
440 3346 574 3408 velocius
588 3356 618 3408 et
632 3348 721 3408 citius
734 3367 787 3408 nos
1049 3349 1085 3408 31

129 3469 329 3538 corrumpunt
343 3460 486 3522 vitiorum
502 3462 642 3540 exempla
655 3461 827 3534 domestica,
841 3460 959 3539 magnis
