2516 3806
170 189 211 254 98
413 208 590 256 D.1VN11
619 210 866 258 rvvannnrs

167 360 286 422 sorbere
300 372 371 422 ante
385 362 485 423 cibum
501 365 582 444 quod
597 365 705 427 debeat
719 376 748 427 et
762 378 849 447 pater
863 379 893 430 et
907 371 980 430 rex.’
1037 381 1040 386 '
1071 374 1128 436 255

206 467 343 537 Monstra
357 477 545 557 voluptatem
561 479 722 559 egregiam,
738 481 787 541 cui
801 483 888 543 nulla
902 484 1031 561 theatra,

164 589 252 649 nulla
266 608 395 668 aequare
409 610 500 669 queas
514 592 662 670 praetoris
676 593 797 673 pulpita
812 595 898 669 lauti,

163 702 189 763 si
203 710 316 781 spectes
330 711 444 782 quanto
458 703 565 783 capitis
579 703 752 766 discrimine
766 717 902 768 constent

163 815 348 873 incrementa
363 815 479 888 domus,
494 825 597 878 aerata
611 816 725 878 multus
740 819 772 879 in
786 841 858 881 arca

162 927 250 988 fiscus
264 928 346 988 etad
361 929 485 1008 vigilem
500 931 632 1009 ponendi
648 932 773 1006 Castora
786 939 915 1012 nummi,
1066 943 1124 1006 260

162 1061 201 1102 ex
215 1062 274 1122 quo
288 1041 373 1102 Mars
388 1042 469 1102 ultor
482 1044 602 1123 galeam
617 1066 735 1127 quoque
749 1049 882 1128 perdidit
895 1060 926 1112 et
939 1073 986 1113 res

161 1176 221 1216 nun
235 1155 335 1234 potuit
349 1177 469 1218 servare
483 1179 560 1218 suas.
602 1180 672 1240 ergo
688 1161 789 1222 omnia
803 1161 914 1224 Florae

160 1278 190 1330 et
204 1267 319 1330 Cereris
334 1269 404 1330 licet
418 1280 448 1330 et
463 1270 590 1352 Cybeles
604 1273 712 1334 aulaea
726 1275 879 1356 relinquas
887 1298 895 1350 ;

159 1389 244 1441 tanto
259 1382 385 1462 majores
400 1383 535 1444 humana
549 1386 669 1465 negotia
682 1386 756 1448 ludi.

158 1517 198 1557 an
212 1497 308 1576 magis
323 1496 477 1559 oblectant
491 1500 626 1560 animum
642 1500 759 1580 jactata
772 1512 898 1581 petauro
1059 1507 1119 1568 265

158 1633 283 1692 corpora
298 1613 409 1692 quique
423 1613 499 1674 solet
512 1623 627 1674 rectum
642 1614 819 1676 descendere
834 1616 946 1690 funem,

156 1748 248 1807 quam
264 1735 307 1801 tu,
322 1726 451 1806 Corycia
466 1747 583 1807 semper
597 1729 649 1808 qui
664 1749 766 1808 puppe
779 1729 904 1790 moraris

156 1850 247 1920 atque
260 1838 389 1912 habitas,
405 1859 474 1900 coro
487 1813 606 1919 semper
620 1840 772 1901 tollendus
785 1851 815 1902 et
829 1849 939 1916 austrn,

155 1956 290 2035 perditus
305 1977 340 2018 ac
354 1956 424 2019 vilis
439 1957 518 2019 sacci
532 1967 680 2018 mereator
694 1956 809 2031 olentis,

155 2071 207 2149 qui
220 2071 333 2151 gaudes
347 2073 460 2152 pingue
474 2073 618 2153 antiquae
632 2073 669 2134 de
682 2071 770 2134 litore
784 2073 891 2134 Cretae
1056 2075 1112 2136 270

154 2208 275 2267 passum
290 2196 320 2249 et
335 2188 501 2268 municipes
517 2187 539 2250 J
541 2188 604 2249 ovis
619 2188 776 2249 advexisse
789 2188 933 2267 lagonas?

154 2301 205 2362 hic
219 2311 320 2362 tamen
335 2301 461 2382 ancipiti
476 2302 569 2382 figens
584 2301 711 2381 vestigia
724 2300 831 2380 planta
908 2331 910 2334 ·

153 2411 269 2472 victum
284 2411 339 2471 illa
353 2413 490 2472 mercede
504 2421 593 2492 parat
607 2410 806 2491 brumamque
820 2411 990 2492 famemque

152 2521 208 2584 illa
221 2532 297 2585 reste
312 2531 415 2597 cavet3
437 2533 470 2585 tu
485 2532 608 2604 propter
622 2522 706 2583 mille
720 2522 835 2583 talenta

152 2645 183 2697 et
197 2646 317 2697 centum
331 2635 422 2699 villas
436 2637 621 2697 temerarius.
663 2635 764 2714 aspice
778 2645 882 2715 portus
1052 2638 1108 2698 275

152 2757 183 2810 et
202 2748 326 2828 plenum
347 2749 465 2829 maguis
485 2748 623 2810 trabibus
649 2767 751 2821 mare;
778 2747 848 2828 plus
871 2748 1029 2810 hominurn

232 2862 356 2941 estjam

154 2973 186 3032 in
201 2973 326 3054 pelag0;
348 2975 449 3037 veniet
464 2975 574 3050 classis,
590 2998 778 3057 quocumque
792 2977 908 3040 vocarit

151 3107 217 3166 spes
231 3085 316 3161 lucri,
331 3107 386 3148 nec
400 3087 600 3167 Carpathium
616 3088 807 3169 Gaetulaque
820 3098 940 3150 tantum

151 3219 282 3278 aequora
296 3198 453 3272 transiliet,
468 3199 519 3260 sed
533 3200 623 3281 longe
638 3201 733 3280 Calpe
747 3200 853 3262 relicta

151 3307 255 3367 audiet
268 3307 421 3366 Herculeo
435 3308 610 3370 stridentem
625 3311 746 3388 gurgite
760 3310 862 3372 sulem.
1050 3314 1105 3374 280

152 3418 266 3495 grande
279 3437 387 3496 operae
400 3419 532 3496 pretium
545 3429 598 3494 est,
613 3431 647 3482 ut
661 3432 744 3482 tenso
758 3422 831 3483 folle
844 3425 955 3484 reverti
