2516 3806
372 805 949 879 A.PERSIIFLAOOI

481 1004 841 1084 SATVRAV.

562 1232 769 1275 -οοῇοζοω-

184 1421 334 1484 Vnumne
347 1421 397 1482 hie
413 1441 475 1482 mos
489 1429 541 1495 est,
557 1428 678 1482 centum
692 1420 749 1481 sibi
763 1440 884 1499 poscere
897 1441 993 1496 voees,

185 1541 305 1595 eentum
322 1554 375 1594 ora
389 1542 419 1594 et
433 1533 553 1613 linguas
567 1542 672 1612 optare
685 1533 718 1592 in
732 1533 867 1593 earmina
881 1544 1011 1609 centum,

185 1646 291 1707 fabula
304 1667 356 1708 seu
371 1657 484 1708 maesto
498 1655 630 1726 ponatur
643 1645 758 1707 hianda
773 1646 926 1725 tragoed0,

186 1759 314 1822 vulnera
327 1779 379 1819 seu
394 1758 502 1819 Parthi
517 1758 653 1819 ducentis
666 1757 705 1818 ab
720 1758 844 1838 inguine
859 1759 981 1820 ferrum.

227 1871 397 1948 ‘Quorsum
412 1872 507 1932 haec?
528 1880 583 1932 aut
598 1879 727 1950 quantas
741 1870 856 1931 robusti
871 1873 1012 1934 carminis
1027 1875 1097 1934 offas
1118 1871 1134 1930 5
1175 1917 1178 1926 Δ

186 1985 305 2066 ingeris,
320 1995 355 2047 ut
367 2007 424 2065 par
438 1985 477 2045 sit
491 1993 615 2045 centeno
629 1991 752 2062 gutture
766 1983 845 2044 niti?

186 2099 304 2179 grande
318 2097 450 2159 locuturi
464 2096 591 2157 nebulas
606 2096 755 2156 Helicone
769 2097 901 2175 legunt0‚

186 2211 211 2272 si
226 2210 335 2290 quibus
349 2219 403 2270 aut
417 2208 560 2288 Prognes,
575 2218 629 2270 aut
643 2209 668 2268 si
684 2209 793 2288 quibus
807 2209 869 2269 olla
883 2209 1033 2289 Thyestae

186 2322 322 2396 fervebit,
336 2342 424 2401 saepe
438 2321 550 2382 insulso
563 2321 700 2382 cenanda
714 2320 844 2400 Glyconi
856 2344 862 2394 ;

186 2445 220 2496 tu
235 2456 332 2516 neque
346 2435 512 2509 anhelanti,
529 2435 668 2514 coquitur
683 2435 754 2494 durn
770 2455 868 2495 massa
882 2437 1009 2511 camino,
1103 2436 1136 2498 10

187 2549 259 2611 folle
273 2549 384 2630 premis
398 2558 512 2623 ventos,
527 2569 582 2610 nee
597 2549 698 2609 clauso
713 2568 868 2609 murmure
881 2570 990 2610 raucus

186 2637 284 2722 neseio
299 2661 372 2742 quid
387 2671 486 2720 tecum
501 2681 595 2741 grave
609 2660 770 2721 corniearis
784 2661 893 2741 inepte,

186 2794 242 2836 nec
255 2774 374 2853 stloppo
388 2772 524 2834 tumidas
539 2773 670 2833 intendis
684 2793 824 2852 rumpere
838 2773 955 2834 bueeas.

187 2885 280 2948 verba
294 2899 381 2964 togae
395 2886 534 2965 sequeris,
545 2887 692 2965 junctura
706 2885 835 2946 callidus
849 2887 920 2960 aeri,

187 3019 237 3060 ore
250 3008 327 3059 teres
341 2998 468 3072 modico,
482 2999 625 3079 pallentis
639 2999 746 3060 radere
760 3020 856 3060 mores

187 3114 301 3185 doctus,
315 3123 346 3174 et
359 3113 489 3191 ingenuo
504 3113 625 3194 eulpam
639 3114 768 3193 defigere
783 3113 863 3175 ludo,

186 3228 258 3290 hine
271 3228 359 3288 trahe
373 3248 450 3307 quae
464 3227 548 3301 dieis,
562 3249 740 3309 mensasque
755 3229 892 3307 relinque
907 3229 1045 3309 Mycenis

188 3361 257 3400 eum
271 3340 370 3418 eapite
383 3349 413 3400 et
427 3340 562 3418 pedibus,
576 3340 754 3420 plebeiaque
767 3341 898 3422 prandia
911 3344 1012 3406 neris!

227 3452 299 3514 Non
312 3452 450 3532 equidem
464 3453 521 3514 hoc
534 3454 647 3528 studeo,
661 3455 787 3518 bullatis
800 3467 835 3519 ut
848 3457 924 3518 mihi
937 3459 1027 3538 nugis

967 3557 1018 3609 110
