2536 3806
497 238 669 286 servm
698 240 803 288 V111.

604 473 698 538 VIII.

166 636 337 698 Stemmata
350 634 425 715 quid
439 633 577 695 faciunt?
598 633 672 712 quid
686 633 816 714 prodest,
831 634 967 714 Pontice,
981 637 1071 722 longo

166 750 316 831 sanguine
330 767 453 820 censeri,
468 747 563 826 pictos
577 747 732 808 ostendere
746 749 851 811 vultus

167 864 328 943 majorum,
343 871 373 922 et
387 860 494 921 stantis
509 859 539 918 in
555 859 692 921 curribus
706 861 905 939 Aemilianos,

168 986 200 1037 et
213 976 320 1038 Curios
329 977 394 1058 jam
410 973 560 1046 dImidios,
576 993 754 1054 umerosque
768 977 915 1042 minorem

168 1088 347 1162 Corvinum,
362 1097 392 1149 et
406 1085 539 1150 Galbam
556 1088 700 1149 auriculis
714 1109 846 1172 nasoque
860 1095 1033 1156 carentem?
1113 1094 1132 1153 5

168 1202 237 1282 quis
252 1201 378 1272 fructus,
392 1199 509 1280 generis
524 1199 631 1260 tabula
640 1203 758 1281 jactare
772 1205 876 1284 capaci

171 1313 363 1392 [Corvinum
378 1313 503 1394 posthac
519 1314 616 1376 multa
631 1317 803 1397 contingere
817 1317 920 1399 virga]

168 1429 302 1491 fumosos
316 1429 453 1509 equitum
471 1451 540 1491 cum
555 1432 702 1494 dictatore
716 1433 883 1512 magistros,

169 1543 196 1603 si
211 1563 312 1604 coram
328 1543 454 1622 Lepidis
469 1545 548 1606 male
564 1546 701 1608 vivitur?
721 1545 832 1626 effigies
846 1567 906 1627 quo

169 1664 216 1717 tot
230 1654 422 1728 bellatorum,
437 1657 461 1716 si
476 1657 594 1718 luditur
607 1658 675 1718 alea
689 1679 805 1740 pernox

169 1781 242 1833 ante
256 1771 470 1844 Numantinos,
487 1771 511 1832 si
526 1771 658 1831 dormire
672 1771 779 1850 incipis
793 1779 862 1831 ortu

170 1883 299 1957 luciferi,
313 1905 373 1965 quo
387 1885 474 1964 signa
490 1884 580 1945 duces
594 1893 624 1944 et
638 1893 737 1946 cestra
751 1883 935 1946 movebant?

171 2020 225 2062 cur
239 1999 444 2079 Allobrogicis
459 2006 489 2059 et
503 2019 615 2077 magna
630 1998 762 2078 gaudeat
775 2019 830 2060 ara

171 2124 260 2176 natus
273 2114 306 2173 in
321 2112 475 2174 Herculeo
491 2111 606 2173 Fabius
621 2112 694 2185 lare,
708 2112 732 2172 si
747 2111 884 2192 cupidus,
898 2111 924 2172 si

170 2250 267 2292 vanus
281 2239 311 2290 et
325 2228 473 2309 Euganea
489 2227 684 2307 quantumvis
699 2225 821 2287 mollior
833 2245 922 2305 agna,

170 2341 195 2401 si
208 2351 345 2402 tenerum
360 2341 482 2402 attritus
497 2339 651 2402 Catinensi
666 2339 786 2418 pumice
800 2337 938 2399 lumbum

170 2454 334 2536 squalentis
349 2454 482 2516 traducit
497 2474 579 2526 avos,
594 2463 770 2533 emptorque
785 2451 891 2514 veneni

170 2566 338 2646 frangenda
353 2568 492 2630 miseram
508 2567 642 2627 funestat
656 2566 787 2644 imagine
801 2564 942 2642 gentem?

170 2689 234 2742 tcta
249 2680 320 2741 licet
334 2691 448 2742 veteres
464 2689 611 2742 exornent
625 2679 759 2759 undique
773 2697 859 2740 cerae

169 2793 257 2866 atria,
272 2791 414 2853 nobilitas
429 2793 493 2852 sola
507 2800 657 2872 astatque
673 2792 762 2853 unies
777 2791 882 2852 virtus.

169 2905 285 2968 Paulus
300 2906 347 2966 vel
364 2906 471 2968 Cossus
487 2905 534 2966 vel
550 2905 668 2967 Drusus
685 2904 818 2964 moribus
833 2912 912 2976 esto;

168 3019 223 3079 hos
237 3028 311 3079 ante
323 3018 433 3097 effigies
450 3018 596 3096 majorum
612 3038 690 3097 pone
704 3027 836 3088 tuorum,

168 3131 351 3212 praecedant
365 3129 444 3208 ipsas
459 3129 505 3189 illi
520 3139 549 3189 te
563 3130 685 3190 consule
699 3131 809 3208 virgas.

168 3244 268 3326 prime
282 3242 357 3302 mihi
371 3241 461 3301 debes
476 3242 570 3302 animi
585 3242 672 3302 bona.
714 3251 835 3302 sanctus
850 3240 956 3302 haberi

170 3355 367 3435 justitiaeque
381 3362 474 3414 tenax
488 3353 575 3413 factis
589 3354 736 3432 dictisque
751 3352 882 3427 mereris,

166 3467 319 3550 adgnosco
331 3487 502 3550 procerem:
523 3466 616 3541 salve,
632 3467 800 3542 Gaetulice,
814 3487 866 3530 seu
880 3475 915 3529 tu
