2516 3806
174 214 238 277 112
461 232 501 279 A.
526 233 675 279 rnnsrr
704 233 863 280 rancor

173 388 271 449 Paroa
284 396 378 449 tenax
391 387 465 462 veri,
479 409 531 448 seu
549 397 622 449 nata
636 388 775 450 fidelibus
788 389 864 450 hora

174 505 285 566 dividit
299 504 330 584 in
345 502 489 564 Geminos
503 502 663 563 concordia
676 503 740 564 fata
754 503 893 592 duorum,

173 619 398 697 Saturnumque
411 636 535 696 gravem
550 623 652 676 nostro
666 615 745 677 Jove
759 616 927 696 frangimus
941 638 1023 680 una:
1097 621 1134 681 50

173 732 272 793 nescio
286 731 376 812 quod,
390 738 471 790 certe
486 737 538 802 est,
554 728 635 807 quod
648 748 696 788 me
710 727 768 789 tibi
782 737 932 810 temperat
946 707 1072 792 astrum.

213 845 302 905 Mille
315 844 472 905 hominum
486 842 606 921 species,
621 849 651 901 et
665 861 766 901 rerum
781 841 910 903 discolor
924 862 1012 915 usus;

172 958 252 1022 velle
266 977 354 1017 suum
368 956 477 1034 cuique
490 961 543 1027 est,
557 974 612 1014 neo
626 963 697 1015 voto
712 953 828 1015 vivitur
842 974 911 1016 uno.

172 1072 322 1133 mercibus
337 1069 386 1130 hic
401 1068 488 1129 Italis
503 1077 601 1128 mutat
615 1068 672 1128 sub
686 1067 748 1128 sole
763 1068 875 1129 recenti

173 1205 315 1265 rugosum
330 1183 416 1262 piper
430 1190 460 1242 et
473 1180 615 1260 pallentis
629 1201 724 1260 grana
739 1181 863 1254 cumini,

172 1300 222 1360 hio
236 1308 320 1358 satur
335 1295 454 1374 inriguo
468 1293 587 1356 mavult
601 1303 769 1373 turgescere
784 1314 897 1368 somno,

172 1413 222 1474 hic
237 1434 343 1493 campo
357 1412 503 1492 indulget,
519 1411 599 1472 huuc
614 1411 681 1472 alea
696 1411 845 1491 decoquit,
859 1410 912 1472 ille

172 1529 204 1588 in
218 1528 368 1590 Venerem
383 1527 497 1606 putris3
519 1526 570 1587 sed
585 1547 653 1587 oum
669 1527 805 1606 lapidosa
820 1525 966 1606 cheragra

172 1641 296 1722 fregerit
309 1641 461 1713 articulos,
476 1641 585 1702 veteris
600 1641 728 1702 ramalia
742 1641 814 1721 fagi,

171 1766 245 1817 tunc
260 1775 372 1816 crassos
386 1754 526 1814 transisse
539 1753 611 1825 dies,
625 1752 783 1833 lucemque
797 1753 971 1835 palustrem,
1095 1755 1136 1816 60

172 1875 202 1927 et
215 1866 272 1926 sibi
288 1867 354 1945 jam
368 1865 427 1924 seri
441 1864 537 1926 vitam
551 1864 724 1943 ingemuere
738 1865 883 1927 relictam.

212 1980 258 2041 At
272 1989 301 2041 te
314 1980 470 2041 nocturnis
486 1980 577 2058 juvat
592 1979 787 2058 inpallescere
799 1981 928 2055 chartis;

172 2094 270 2155 cultor
284 2094 364 2154 enim
380 2094 529 2171 juvenum
543 2102 688 2171 purgatas
703 2093 808 2155 inseris
821 2115 907 2156 aures

171 2207 258 2286 fruge
272 2205 446 2267 Cleanthea.
488 2204 580 2285 petite
595 2205 674 2277 hinc,
692 2207 836 2287 puerique
850 2229 1000 2288 senesque,

171 2320 260 2380 finem
276 2319 377 2380 animo
393 2328 517 2390 certum,
532 2317 706 2396 miserisque
723 2319 834 2381 viatica
850 2321 948 2381 canis!
1092 2323 1131 2384 65

171 2431 405 2493 ‘Crashocfiet’
441 2428 525 2490 Idem
537 2430 670 2490 orasfiet.
708 2431 925 2512 ‘Quidlquasi
934 2454 1080 2514 magnum

170 2567 278 2626 nempe
292 2545 373 2606 diem
387 2545 519 2606 donasl’
562 2544 620 2606 Sed
636 2565 704 2606 cum
720 2546 776 2607 lux
796 2549 892 2608 altera
906 2550 1000 2622 venit,

174 2663 240 2742 jam
254 2681 319 2722 cras
334 2661 506 2722 hesternum
523 2662 778 2740 consumpsimus:
801 2683 868 2724 ecce
882 2663 968 2724 aliud
982 2685 1049 2726 cras

170 2774 264 2854 egerit
278 2774 332 2834 hos
347 2793 450 2846 annos,
466 2782 495 2833 et
510 2793 627 2853 semper
641 2774 767 2853 paulum
782 2776 840 2836 erit
854 2776 944 2837 ultra.

169 2909 241 2947 nam
256 2885 394 2965 quamvis
409 2905 502 2965 prope
516 2894 554 2959 te,
569 2887 708 2965 quamvis
722 2896 840 2949 temone
853 2888 909 2949 sub
924 2909 985 2949 uno
1092 2892 1131 2954 70

170 3009 336 3062 vertentem
350 3019 420 3071 sese,
435 2999 548 3059 frustra
562 3000 713 3061 sectabere
728 3010 861 3074 cantum,
1100 2989 1104 3000 ¹

55 3115 59 3124 '
169 3135 238 3175 cum
254 3121 321 3174 rota
335 3114 481 3192 posterior
496 3132 599 3173 curras
614 3123 643 3174 et
658 3115 690 3173 in
704 3135 763 3175 axe
777 3115 915 3177 secundo.

209 3226 366 3286 Libertate
380 3245 454 3304 opus
469 3234 529 3286 est:
552 3246 612 3287 non
626 3227 692 3299 hac,
707 3238 750 3301 ut,
765 3229 890 3309 quisque
904 3230 1018 3292 Velina

170 3338 298 3400 Publius
314 3336 449 3408 emeruit,
464 3335 631 3398 scabiosum
646 3339 790 3400 tesserula
805 3341 853 3400 far

169 3447 308 3528 possidet.
351 3446 411 3506 heu
425 3447 540 3508 steriles
554 3448 628 3520 veri,
643 3450 752 3528 quibus
767 3471 828 3513 una
843 3452 995 3530 Quiritem
1091 3457 1131 3520 75
