2536 3806
160 231 202 294 38
409 249 448 293 n.
467 248 588 295 111111
616 246 864 294 1111110110

160 403 290 465 clivosae
304 404 421 467 veheris
435 404 508 464 dum
522 424 576 484 per
589 411 785 463 monumenta
798 403 943 463 Latinae:
1080 403 1120 462 55

160 517 215 578 flos
229 516 322 578 Asiae
336 526 406 578 ante
420 518 528 597 ipsum,
542 516 639 596 pretio
653 517 767 596 majore
780 525 903 596 paratus

160 651 252 710 quam
266 629 325 692 fuit
339 638 369 690 01
382 629 465 690 Tulli
479 650 583 690 census
597 629 742 710 pugnacis
757 638 786 690 01
798 629 880 689 Α1101

160 750 199 815 01,
213 762 251 801 110
264 749 295 802 10
308 750 436 814 teneam,
452 741 659 801 Romanorum
674 741 775 801 omnia
789 760 894 820 regum

160 852 280 913 frivola.
322 853 402 932 quod
417 872 485 912 cum
501 853 544 912 ita
558 853 606 926 sit,
620 861 654 912 tu
668 851 833 913 Gaetulum
848 851 1057 932 Ganymedem

160 965 282 1043 respice,
297 985 367 1024 cum
381 965 470 1046 sities.
487 961 488 964 ’
511 965 607 1024 nescit
619 973 665 1024 tot
679 964 802 1024 milibus
816 972 934 1044 emptus
1080 963 1121 1024 60

161 1075 344 1154 pauperibus
358 1076 482 1137 miscere
496 1096 587 1156 puer:
608 1075 660 1136 sed
674 1075 780 1148 forma,
794 1075 846 1136 sed
860 1083 942 1136 aetas

161 1188 253 1266 digna
267 1189 435 1268 supercilio.
476 1189 597 1268 quando
611 1188 650 1248 ad
664 1196 694 1248 te
707 1188 845 1268 pervenit
858 1187 931 1248 ille?

161 1302 282 1381 quando
295 1312 418 1382 rogatus
432 1303 516 1364 adest
530 1303 646 1364 calidae
660 1302 836 1382 gelidaeque
849 1303 1005 1363 minister?

162 1415 274 1494 quippe
287 1414 464 1495 indignatur
477 1416 571 1478 veteri
586 1437 691 1495 parere
705 1416 817 1490 clienti,
884 1453 887 1460 ‹

162 1529 301 1609 quodque
315 1530 431 1609 aliquid
446 1551 558 1610 poscas,
573 1539 603 1590 et
618 1531 699 1610 quod
713 1551 744 1590 se
756 1538 855 1590 stante
869 1529 1034 1591 recumbas.
1080 1530 1121 1589 65

161 1642 297 1703 maxima
311 1663 448 1722 quaeque
461 1643 568 1702 domus
581 1642 674 1704 servis
688 1650 732 1702 est
745 1642 836 1722 plena
850 1642 993 1722 superbis.

161 1774 230 1814 eece
244 1753 322 1814 alius
337 1763 451 1833 quanto
466 1754 601 1834 porrexit
615 1774 769 1813 murmure
782 1773 892 1832 panem

161 1866 217 1928 1111
231 1865 371 1938 fractum,
385 1865 499 1925 solidae
508 1866 574 1943 jam
588 1864 710 1924 mucida
724 1863 820 1924 frusta
834 1862 958 1938 farinae,

162 1998 239 2057 quae
252 1977 420 2057 genuinum
434 1977 557 2056 agitent,
573 1997 634 2036 non
650 1976 840 2036 admittentia
854 1996 1003 2037 morsum:

161 2089 212 2150 sed
227 2097 312 2150 tener
326 2097 356 2150 et
369 2089 475 2151 11110110
490 2089 635 2168 mollique
648 2088 767 2168 siligine
781 2089 878 2150 factus
1080 2089 1122 2150 70

161 2212 299 2264 servatur
313 2202 443 2263 domino.
486 2203 625 2263 dextram
641 2202 780 2263 cohibere
793 2211 952 2275 momente,

161 2316 247 2377 salva
260 2316 300 2376 sit
313 2324 451 2395 artoptae
465 2316 649 2378 reverentia!
691 2315 770 2394 linge
784 2323 885 2376 tamen
900 2324 929 2374 10

161 2428 366 2508 inprobulum,
380 2437 513 2508 superest
528 2429 591 2489 illic
606 2429 658 2507 qui
671 2448 781 2507 ponere
796 2436 899 2506 cogat:

162 2542 226 2604 ‘vis
240 2550 275 2601 tu
292 2541 440 2602 consuetis
455 2542 558 2602 audax
573 2542 701 2604 conviva
716 2541 852 2602 canistris

162 2655 282 2735 impleri
296 2655 443 2736 panisque
457 2656 502 2715 tui
517 2655 634 2716 novisse
649 2656 777 2716 colorem
786 2655 814 2714 l'

163 2774 179 2801 “
189 2768 304 2830 scilicet
317 2768 374 2828 hoe
388 2768 497 2842 fuerat,
512 2778 635 2848 propter
649 2768 730 2848 quod
744 2788 832 2846 saepe
845 2768 951 2829 relicta

164 2881 291 2960 conjuge
305 2901 358 2960 per
372 2889 505 2942 montem
519 2881 679 2943 adversum
693 2881 867 2962 gelidasque
881 2881 999 2942 cucurri

163 2995 325 3075 Esquilias,
341 2994 481 3056 fremeret
494 3015 585 3058 00010
599 3017 668 3058 cum
682 2997 830 3076 grandine
843 3017 954 3060 vernus

163 3108 185 3171 J
187 3108 307 3188 uppiter
321 3117 351 3168 et
365 3107 462 3169 multo
476 3108 606 3170 stillaret
620 3110 752 3189 paenula
765 3110 868 3171 nimbo
879 3112 885 3170 1
897 3111 912 3136 ”

163 3207 272 3301 aspice,
287 3241 379 3301 quam
394 3220 484 3300 longo
499 3221 666 3300 distinguat
680 3231 799 3301 pectore
814 3222 940 3296 lancem,
1083 3224 1123 3284 80

164 3355 242 3414 quae
255 3333 351 3393 fertur
365 3331 487 3392 domino
501 3332 624 3411 squilla,
639 3342 669 3393 et
683 3333 793 3413 quibus
808 3334 941 3414 undique
954 3342 1058 3414 saepta

164 3444 318 3523 asparagis
332 3463 393 3522 qua
405 3442 552 3524 despiciat
565 3444 706 3506 convivia
720 3443 827 3519 cauda,
