2536 3806
483 223 658 272 SATVBA
686 223 752 272 XI.

128 382 257 446 altisoni
271 381 397 443 dubiam
410 381 554 442 facientia
568 381 704 442 carmina
717 379 862 460 palmam.

129 497 209 578 quid
224 496 325 568 refert,
340 495 416 556 tales
430 515 533 557 versus
547 514 609 575 qua
622 515 696 556 voce
709 493 874 574 legantur?

173 610 233 672 Sed
247 630 329 671 nunc
344 607 447 670 dilatis
461 617 565 670 averte
579 608 700 687 negotia
714 607 795 668 curis
954 662 960 676 .
1037 608 1096 670 183

129 734 164 784 et
177 733 298 802 gratam
312 721 446 802 requiem
461 721 541 782 dona
555 720 621 795 tibi,
637 720 759 800 quando
774 721 878 783 licebit

129 855 188 914 per
202 843 300 895 totum
316 854 430 895 cessare
444 832 535 894 diem.
577 853 638 893 non
653 832 764 893 fenoris
779 832 845 894 ulla

104 1021 107 1025 Ι
130 947 256 1020 mentio,
270 967 335 1018 nec,
349 946 450 1026 prima
464 945 489 1006 si
504 945 571 1005 luce
585 965 703 1024 egressa
718 947 828 1007 reverti

130 1067 222 1120 nocte
234 1058 318 1133 solet,
333 1059 427 1120 tacito
441 1057 533 1119 bilem
549 1057 605 1119 tibi
621 1057 781 1119 contrahat
794 1079 881 1120 uxor.
1035 1060 1093 1124 187

130 1173 272 1253 protinus
286 1180 356 1232 ante
370 1191 471 1232 meum
486 1170 634 1250 quidquid
649 1169 732 1230 dolet
745 1191 822 1232 exue
836 1171 946 1246 limen;
1035 1173 1094 1236 190

130 1307 212 1366 pone
228 1285 351 1347 domum
366 1293 396 1345 et
410 1305 510 1346 servos
525 1293 555 1344 et
569 1283 718 1363 quidquid
734 1284 886 1364 frangitur
899 1284 961 1346 illis

130 1406 188 1460 aut
202 1398 297 1478 perit3
319 1398 453 1477 ingratos
467 1406 538 1459 ante
551 1397 654 1457 omnia
667 1417 746 1477 pone
759 1397 883 1459 sodales.

129 1515 249 1574 interea
262 1512 482 1592 Megalesiacae
495 1499 669 1593 spectacula
683 1532 821 1591 mappae,

130 1625 261 1687 Idaeum
275 1625 429 1698 sollemne,
444 1623 557 1697 colunt,
572 1623 737 1704 similisque
751 1624 906 1704 triumpho

129 1737 247 1819 praeda
261 1736 450 1798 caballorum
465 1745 586 1816 praetor
600 1736 740 1810 sedatae,
755 1737 831 1797 mihi
845 1757 920 1818 pace
1034 1738 1092 1800 195

129 1853 296 1912 immensae
309 1850 482 1929 nimiaeque
495 1849 567 1910 licet
577 1850 603 1910 si
617 1850 716 1911 dicere
730 1850 835 1930 plebis,

129 1973 228 2026 totam
243 1962 334 2024 hodie
348 1962 479 2024 Romam
494 1963 590 2024 circus
605 1963 687 2044 capit
701 1972 731 2025 et
744 1964 846 2045 fragor
859 1986 963 2028 aurem

129 2076 271 2157 percutit,
286 2084 429 2136 eventum
443 2075 550 2136 viridis
565 2095 624 2154 quo
639 2075 749 2156 colligo
764 2078 877 2156 panni:

129 2208 202 2249 nam
216 2187 242 2248 si
257 2186 405 2260 deficeret,
421 2196 566 2247 maestam
580 2187 801 2268 attonitamque
815 2189 932 2252 videres

129 2303 210 2365 hauc
224 2301 341 2376 urbem,
356 2301 452 2363 veluti
466 2301 641 2363 Cannarum
656 2304 688 2363 iu
703 2303 830 2383 pulvere
843 2305 932 2367 victis
1031 2307 1090 2371 200

129 2415 312 2480 consulibus.
354 2423 489 2495 spectent
505 2417 641 2495 juvenes,
656 2436 731 2496 quos
746 2417 860 2478 clamor
873 2427 904 2480 et
917 2420 1020 2481 audax

129 2531 259 2611 sponsio,
274 2549 348 2609 quos
362 2528 463 2590 cultae
477 2529 562 2590 decet
578 2529 727 2592 adsedisse
742 2531 862 2610 puellae
874 2554 881 2604 ;

129 2655 234 2708 nostra
248 2644 334 2706 bibat
347 2665 475 2708 vernum
490 2653 645 2708 contracta
660 2647 793 2708 cuticula
806 2647 899 2708 solem

129 2759 315 2840 effugiatque
329 2767 440 2837 togam.
478 2758 542 2838 jam
558 2759 686 2819 nuncin
701 2753 811 2820 balnea
824 2760 911 2822 salva

128 2875 229 2935 fronte
243 2873 316 2932 licet
330 2871 433 2945 vadas,
448 2892 633 2951 quamquam
649 2872 746 2935 solida
759 2873 836 2935 hora
849 2874 979 2953 supersit
1031 2877 1090 2940 205

129 2989 170 3050 ad
184 2996 311 3049 sextam.
353 2986 451 3046 facere
464 2985 522 3046 hoc
536 3006 596 3047 non
611 2987 704 3066 possis
719 2988 852 3069 quinque
865 2987 971 3050 diebus

129 3102 290 3175 continuis,
305 3100 379 3181 quia
391 3108 463 3160 sunt
476 3100 546 3160 talis
560 3120 680 3182 quoque
693 3102 796 3163 taedia
808 3103 890 3164 vitae

129 3232 260 3294 magna3
280 3210 453 3291 voluptates
468 3210 660 3272 commendat
674 3212 771 3272 rarior
783 3232 862 3275 usus.

457 3367 787 3562 *dds*
