2536 3806
461 305 635 354 SATVBA
664 306 736 354 111.

117 461 188 522 inde
202 462 266 522 irae
279 472 310 523 et
322 462 474 524 lacrimae.
515 471 615 524 tecum
629 462 713 542 prius
727 483 798 544 ergo
812 463 919 527 voluta

115 573 191 635 haec
205 575 308 635 animo
322 585 393 636 ante
407 575 505 636 tubas.
546 573 701 654 galeatum
715 595 780 638 sero
795 577 891 639 duelli

115 688 268 766 paenitet!
278 689 476 768 -experiar,
491 688 565 767 quid
580 688 763 750 concedatur
776 690 809 750 in
823 690 902 765 illos,
992 759 996 772 ¹
1019 694 1078 754 170

115 821 246 880 quorum
261 800 416 862 Flaminia
430 800 544 880 tegitur
558 801 633 862 cinis
647 809 739 882 atque
753 801 876 866 Latina.

568 1025 630 1104 HI.

155 1156 307 1234 Qnamvis
321 1154 455 1235 digressu
470 1155 579 1217 veteris
594 1157 735 1217 confusus
749 1157 850 1231 amici,

113 1270 208 1331 laudo
223 1279 334 1343 tamen,
349 1269 452 1331 vacuis
467 1268 547 1348 quod
561 1269 661 1330 sedem
676 1269 767 1350 figere
782 1269 887 1332 Gumis

112 1383 244 1444 destinet
258 1391 349 1462 atque
362 1402 456 1442 unum
473 1382 570 1443 civem
585 1383 697 1444 donare
711 1383 857 1464 Sibyllae.

115 1500 215 1579 janua
230 1497 377 1558 Baiarum
392 1505 436 1558 est
450 1505 479 1558 et
493 1505 615 1576 gratum
630 1497 703 1559 litus
718 1499 837 1560 amoeni

111 1630 251 1671 secessus.
293 1629 348 1688 ego
363 1608 413 1671 vel
427 1609 610 1689 Prochytam
626 1630 778 1690 praepono
792 1610 939 1675 Suburae
1055 1615 1075 1674 5

111 1744 186 1785 nam
200 1722 276 1802 quid
290 1730 354 1782 tam
368 1722 520 1795 miserum,
535 1731 599 1782 tam
613 1722 711 1783 solum
726 1723 867 1798 vidimus,
882 1733 993 1787 utnon

110 1837 245 1899 deterius
259 1835 363 1896 credas
377 1835 499 1896 horrere
513 1835 662 1910 incendia,
676 1835 780 1916 lapsus

109 1960 261 2012 tectorum
275 1948 425 2022 adsiduos,
440 1968 476 2008 ac
489 1947 574 2009 mille
587 1949 724 2028 pericula
737 1970 845 2013 saevae

109 2064 205 2136 urbis,
221 2072 251 2123 et
264 2061 405 2140 Augusto
420 2061 581 2122 recitantes
594 2082 695 2122 mense
709 2073 811 2141 poetas
822 2065 834 2124 l
1015 2143 1018 2150 ⁴

151 2175 212 2238 Sed
227 2175 301 2236 dum
315 2183 380 2234 tota
394 2174 500 2234 domus
514 2173 588 2233 reda
602 2175 793 2253 componitur
807 2195 878 2249 una,
1035 2179 1074 2239 10

109 2289 246 2351 substitit
260 2287 301 2348 ad
315 2295 429 2349 veteres
443 2305 531 2346 arcus
545 2286 760 2367 madidamque
773 2286 938 2368 Capenam.

110 2401 171 2475 bic,
186 2400 240 2461 ubi
254 2407 419 2460 noeturnae
434 2396 538 2458 Numa
552 2397 754 2460 constituebat
768 2401 891 2476 amicae,

110 2535 193 2576 nunc
207 2512 285 2574 sacri
298 2510 390 2572 fontis
404 2530 509 2570 nemus
524 2518 554 2570 et
568 2509 695 2571 delubra
709 2510 849 2574 locantur

110 2625 134 2688 J
134 2625 248 2697 udaeis,
263 2642 392 2702 quorum
407 2621 554 2701 cophinus
568 2620 751 2703 faenumque
764 2624 922 2704 supellex;

111 2739 222 2816 (omnis
232 2735 433 2816 enimpopulo
447 2734 615 2796 mercedem
629 2737 760 2815 pendere
769 2738 855 2818 jussa
868 2747 913 2800 est
1035 2742 1073 2801 15

109 2853 209 2927 arbor,
224 2861 256 2913 et
269 2850 370 2931 ejectis
385 2849 537 2910 mendicat
551 2848 630 2912 silva
644 2849 816 2930 Camenis);

109 2969 142 3026 in
155 2966 270 3029 vallem
286 2963 414 3042 Egeriae
428 2961 636 3022 descendimus
651 2971 681 3023 et
694 2962 853 3042 speluncas

109 3078 270 3140 dissimiles
284 3075 370 3138 veris.
412 3083 528 3154 quanto
542 3074 728 3153 praesentius
745 3085 820 3137 esset

110 3213 223 3254 numen
238 3211 342 3271 aquae,
356 3189 449 3251 viridi
463 3189 488 3249 si
502 3188 638 3267 margine
653 3187 788 3249 eluderet
802 3190 899 3251 undas

110 3307 205 3368 herba
219 3325 275 3365 neo
289 3304 455 3383 ingenuum
471 3303 623 3365 violarent
636 3322 790 3364 marmora
803 3304 918 3365 tofum!
1033 3307 1072 3368 20

109 3421 159 3481 hic
171 3428 245 3480 tunc
256 3415 442 3490 Umbricius,
450 3415 582 3494 ‘quando
597 3413 731 3487 artibus,’
743 3415 851 3496 inquit,
863 3417 1011 3478 ‘honestis

109 3532 214 3594 nullus
227 3532 260 3591 in
275 3529 349 3591 urbe
364 3527 456 3601 locus,
470 3526 557 3588 nulla
571 3526 775 3590 emolumenta
788 3528 936 3603 laborum,
