2536 3806
187 206 229 270 48
433 225 611 274 n.1vu11
640 225 887 275 rvvnunnrs

185 379 229 439 nil
244 379 314 441 salit
328 379 479 442 Arcadico
488 381 605 461 juveni,
620 383 705 461 cujus
719 367 798 442 mihi
808 394 894 446 sexta
1085 389 1147 452 160

184 514 305 573 quaque
318 495 367 556 die
381 495 522 556 miserum
536 495 619 555 dirus
634 505 726 575 caput
739 496 878 558 Annibal
893 499 1017 578 implet;

184 607 332 686 quidquid
347 607 378 668 id
392 622 445 681 est,
459 609 496 669 de
510 629 569 688 quo
584 608 740 683 deliberat,
754 631 793 670 an
807 621 893 691 petat
906 613 1011 674 urbem

184 738 202 776 a
217 717 337 793 Cannis,
352 739 391 778 an
405 727 473 798 post
486 718 604 780 nimbos
617 729 648 780 et
662 721 792 782 fulmina
808 734 915 784 cantus

184 831 369 911 circumagat
382 832 520 892 madidas
534 853 553 893 a
566 843 743 912 tempestate
758 836 901 899 cohortes.

184 953 331 1024 quantum
345 945 391 1007 vis
405 945 559 1024 stipulare,
574 956 603 1006 et
617 947 754 1026 protinus
769 953 881 1030 accipe,
895 952 976 1031 quod
991 952 1039 1027 do,
1083 955 1145 1016 165

184 1067 218 1118 ut
231 1057 339 1119 totiens
353 1057 441 1118 illum
455 1068 542 1138 pater
555 1059 690 1120 audiat.''
732 1062 807 1124 haec
821 1064 875 1124 alii
888 1085 941 1125 sex

182 1172 232 1234 vel
247 1173 348 1250 plures
362 1193 422 1234 uno
437 1173 629 1235 conclamant
644 1195 694 1236 ore
709 1177 868 1256 sophistae,

182 1301 212 1346 et
227 1307 312 1346 veras
325 1287 443 1366 agitant
457 1288 524 1348 lites
539 1298 659 1368 raptore
673 1290 795 1364 relicto;

181 1401 249 1461 fusa
262 1421 378 1463 venena
391 1403 490 1476 silent,
506 1404 604 1465 malus
618 1406 814 1487 ingratusque
827 1409 964 1484 maritus,

181 1523 212 1574 et
226 1516 376 1594 quaejam
391 1526 506 1579 veteres
525 1530 634 1580 sanant
648 1521 792 1581 mortaria
807 1542 916 1583 caecos
1082 1526 1147 1588 170

179 1647 251 1706 ergo
264 1628 322 1689 sibi
336 1629 422 1690 dabit
437 1631 500 1711 ipse
514 1633 630 1707 rudem,
644 1633 669 1694 si
685 1643 787 1694 nostra
802 1634 967 1696 movebunt

180 1740 313 1814 consilia,
328 1751 358 1802 et
372 1744 452 1804 vitae
468 1745 621 1806 diversum
635 1746 691 1806 iter
706 1745 900 1825 ingredietur,

178 1853 218 1912 ad
232 1874 367 1934 pugnam
382 1855 435 1935 qui
449 1857 599 1917 rhetorica
613 1857 766 1918 descendit
780 1857 819 1917 ab
833 1857 951 1931 umbra,

129 1952 131 1961 Α
177 1971 330 2031 summula
343 1991 381 2032 ne
395 1980 506 2050 pereat,
522 1993 582 2052 qua
597 1972 667 2033 vilis
682 1981 791 2032 tessera
806 1972 890 2034 venit

177 2079 337 2141 frumenti:
359 2081 471 2161 quippe
486 2081 560 2150 haec
574 2102 685 2142 merces
699 2082 875 2142 lautissima.
910 2091 1035 2162 tempta,
1078 2085 1142 2148 175

178 2191 389 2273 Chrysogonus
404 2194 510 2273 quanti
524 2193 630 2254 doceat
644 2194 693 2255 vel
708 2194 795 2255 Polio
809 2193 916 2274 quanti

177 2304 330 2366 lautorum
345 2326 467 2386 pueros:
490 2315 586 2366 artem
600 2306 716 2368 scindes
736 2306 893 2367 Theodori.

176 2417 286 2480 balnea
299 2421 445 2494 sescentis,
461 2431 490 2481 et
504 2421 601 2500 pluris
615 2422 756 2500 porticus,
771 2421 803 2480 in
818 2441 878 2500 qua

175 2540 307 2611 gestetur
320 2533 468 2607 dominus,
483 2535 619 2614 quotiens
633 2534 847 2614 pluit-anne
860 2554 998 2595 serenum

175 2654 327 2724 exspectet
340 2656 521 2726 spargatque
535 2647 600 2707 luto
609 2648 749 2726 jumenta
763 2646 896 2708 recenti?
1071 2650 1134 2714 180

176 2756 242 2836 [hic
253 2757 361 2835 potius
370 2777 499 2836 namque
510 2757 559 2818 hic
569 2758 701 2818 mundae
711 2757 787 2818 nitet
798 2758 913 2836 ungula
924 2757 1048 2836 mulae]

174 2877 260 2948 parte
273 2867 335 2928 alia
349 2868 445 2947 longis
460 2868 663 2930 Numidarum
678 2869 757 2930 fulta
773 2869 920 2930 columnis

173 2991 277 3061 surgat
291 2991 320 3042 et
334 2981 484 3060 algentem
499 2984 598 3061 rapiat
613 2984 729 3044 cenatio
746 2983 847 3044 solem.

173 3096 409 3176 quanticumque
422 3097 537 3170 domus,
551 3097 653 3158 veniet
666 3098 718 3176 qui
733 3097 848 3158 fercula
863 3097 949 3158 docte

173 3215 332 3286 conponat,
346 3207 447 3268 veniet
460 3208 512 3287 qui
526 3208 729 3287 plumentaria
743 3210 872 3270 condiat.
1070 3211 1131 3272 185

173 3320 227 3379 hos
241 3320 319 3380 inter
332 3328 469 3397 sumptus
483 3321 618 3381 sestertia
632 3320 834 3397 Quintiliano

173 3440 208 3492 ut
221 3431 361 3505 multum,
375 3431 435 3493 duo
449 3432 612 3494 sufficient:
633 3453 679 3494 res
693 3435 780 3495 nulla
794 3435 917 3496 minoris
