2536 3806
180 183 224 246 42
429 202 608 250 n.1vrs11
637 202 885 250 rvvnnnnrs

178 377 325 419 semesum
340 357 472 438 leporem
486 368 578 438 atque
592 358 709 439 aliquid
722 359 760 420 de
774 355 913 420 clunibus
926 361 1005 440 apri,
1111 421 1113 426 .

178 477 219 537 ad
233 497 286 537 nos
295 478 361 556 jam
376 478 477 540 veniet
490 478 589 537 minor
603 476 697 538 altilis
706 476 731 550 ;'
751 477 823 538 inde
836 488 943 557 parato

177 588 352 668 intactoque
365 608 467 649 omnes
481 597 512 649 et
525 588 628 649 stricto
642 609 722 668 pane
735 589 847 650 tacetis.

177 700 231 762 ille
244 701 332 781 sapit,
348 702 400 790 qui
415 701 501 763 tesie
514 702 620 762 utitur.
662 702 764 763 omnia
778 701 856 762 ferre
1081 705 1140 766 170

176 813 202 874 si
216 823 309 892 potes,
324 824 354 874 et
368 814 473 875 debes:
495 814 679 894 pulsandum
694 815 807 876 vertice
819 835 886 875 raso

176 923 333 1004 praebebis
347 925 527 1004 quandoque
542 934 641 1005 eaput,
657 945 711 985 nec
725 925 803 985 dura
815 924 935 986 timebis

176 1039 273 1120 flagra
286 1041 360 1121 pati,
375 1041 421 1101 his
435 1042 531 1120 epulis
545 1050 576 1104 et
588 1042 644 1102 tali
658 1042 768 1121 dignus
781 1041 894 1102 amico!

620 1251 695 1314 VII.

216 1377 259 1439 Et
271 1399 338 1459 spes
351 1389 381 1440 et
395 1379 472 1440 ratio
486 1379 653 1440 studiorum
669 1380 700 1440 in
715 1379 842 1442 Caesare
855 1387 992 1442 tantum:
1030 1461 1039 1486 Ι

174 1491 255 1553 solus
270 1493 350 1553 enim
365 1493 464 1553 tristes
477 1492 534 1553 hac
548 1500 725 1572 tempestate
739 1492 886 1554 Camenas

175 1605 316 1684 respexit,
331 1625 400 1665 cum
409 1606 475 1684 jam
490 1604 619 1665 celebres
632 1606 756 1686 'notique
770 1615 875 1684 poetae

175 1717 349 1778 balneolum
364 1715 479 1789 Gabiis,
495 1717 611 1777 Romae
625 1718 791 1779 conducere
805 1718 909 1779 furnos

175 1839 366 1910 temptarent,
380 1850 435 1890 nec
450 1829 571 1890 foedum
585 1830 639 1891 alii
653 1850 708 1891 nec
722 1840 811 1909 turpe
824 1836 968 1908 putarent

174 1964 335 2024 praecones
349 1943 423 2017 fieri,
438 1964 507 2004 cum
521 1944 644 2004 desertis
658 1944 833 2024 Aganippes

175 2057 308 2120 vallibus
322 2057 453 2118 esuriens
468 2057 613 2137 migraret
627 2058 659 2117 in
673 2058 752 2118 atria
766 2057 841 2118 Clio

175 2189 246 2229 nam
261 2169 286 2230 si
300 2168 401 2230 Pieria
415 2170 567 2249 quadrans
583 2170 640 2230 tibi
654 2170 757 2230 nullus
770 2171 803 2228 in
817 2169 926 2231 umbra

175 2283 359 2355 ostendatur,
374 2303 455 2343 ames
469 2303 578 2343 nomen
594 2283 767 2362 victumque
782 2282 973 2356 Machaerae,

175 2404 205 2456 et
218 2397 331 2458 vendas
345 2397 453 2476 potius,
468 2397 625 2457 commissa
640 2395 720 2475 quod
734 2395 834 2456 auctio
848 2394 953 2456 vendit
1096 2395 1136 2457 10

174 2510 332 2584 stantibus,
347 2513 562 2592 oenophorum,
578 2511 718 2590 tripodes,
733 2509 873 2582 armaria,
888 2509 985 2582 cistas,

174 2621 338 2683 Alcithoen
353 2624 452 2697 Pacci,
468 2624 586 2685 Thebas
600 2632 630 2684 et
645 2622 740 2684 Terea
753 2620 868 2682 Fausti.

174 2736 231 2797 hoc
245 2737 347 2811 satius,
362 2759 453 2818 quam
468 2738 493 2800 si
507 2739 590 2800 dicas
604 2738 659 2799 sub
674 2738 778 2817 judice
792 2735 891 2809 ‘vidi’

174 2850 254 2928 qnod
269 2869 329 2909 non
344 2851 464 2923 vidisti;
486 2851 600 2912 faciant
614 2851 729 2930 equites
743 2847 852 2909 Asiani

173 2981 358 3041 quamquam
372 2971 402 3023 et
416 2961 618 3043 Cappadoces,
633 2963 747 3023 faciant
761 2960 875 3040 equites
889 2958 1028 3040 Bithyni,
1094 2961 1133 3022 15

173 3073 270 3133 altera
284 3094 357 3153 quos
372 3075 454 3135 nudo
468 3074 601 3135 traducit
616 3072 721 3135 Gallia
740 3071 810 3132 talo.

173 3206 260 3247 nemo
275 3195 376 3247 tamen
390 3187 497 3248 studiis
511 3186 670 3266 indignum
685 3185 762 3246 ferre
776 3184 910 3245 laborem

172 3307 296 3377 cogetur
309 3299 442 3376 posthac,
456 3299 550 3358 nectit
565 3299 745 3377 quicumque
759 3297 876 3357 canoris

172 3405 325 3485 eloquium
339 3406 444 3468 vocale
458 3406 553 3466 modis
567 3405 746 3484 laurumque
759 3404 928 3465 momordit
