2516 3806
250 237 292 286 1.
315 237 464 284 raasrr
492 237 652 285 rnaocr
679 237 852 287 servan
881 239 923 286 v.
1014 223 1074 287 111

114 395 231 476 pagina
245 403 406 474 turgescat,
420 394 493 456 dare
507 394 625 474 pondus
638 393 748 456 idonea
761 394 854 456 fumo.
1037 395 1076 457 20

113 510 222 572 secreti
238 509 408 588 loquimur;
429 508 485 569 tibi
500 529 590 582 nunc,
604 508 745 570 hortante
759 507 902 584 Camena,

113 622 300 685 excutienda
315 622 421 683 damus
435 621 621 700 praecordia,
636 630 810 701 quantaque
824 630 943 683 nostrae

113 756 187 815 pars
201 735 317 809 tussit,
332 734 475 807 Cornute,
489 734 617 807 animae,
631 734 697 808 tibi,
712 734 810 795 dulcis
824 735 928 810 amice,

114 847 281 908 ostendisse
296 848 405 927 juvat:
427 846 524 927 pulsa,
539 845 692 907 dinoscere
706 856 821 920 cautus,

113 961 191 1041 quid
205 960 336 1021 solidum
350 970 453 1040 crepet
466 969 496 1021 et
509 960 609 1040 pictae
622 959 748 1021 tectoria
762 961 893 1041 linguae.
1037 961 1076 1022 25

113 1075 166 1136 hic
181 1095 238 1154 ego
252 1083 392 1136 centenas
405 1074 502 1134 ausim
518 1073 676 1153 deposcere
690 1093 787 1147 voces,

113 1196 159 1262 ut,
174 1197 324 1267 quantum
338 1187 414 1247 mihi
429 1196 459 1247 te
472 1187 591 1248 sinuoso
606 1187 639 1246 in
652 1195 772 1267 pectore
786 1187 851 1262 fixi,

112 1323 190 1364 voce
204 1302 325 1364 traham
340 1322 427 1382 pura,
442 1311 599 1380 totumque
613 1301 671 1362 hoe
685 1301 779 1362 verba
793 1301 954 1382 resignent,

113 1417 197 1497 quod
212 1416 288 1477 latet
302 1435 414 1476 areana
428 1435 490 1475 non
503 1414 674 1476 enarrabile
687 1413 774 1476 fibra.

156 1529 236 1591 Cum
250 1529 383 1608 primum
397 1528 509 1608 pavido
524 1536 622 1588 custos
636 1527 713 1587 mihi
727 1548 864 1609 purpura
879 1527 974 1601 cessit,
1037 1527 1076 1589 30

114 1640 262 1719 bullaque
274 1639 434 1701 succinctis
448 1639 580 1700 Laribus
595 1640 708 1701 donata
722 1640 875 1720 pependit,

114 1775 185 1816 curn
200 1752 306 1814 blandi
321 1753 452 1825 comites,
467 1761 590 1832 totaque
605 1753 729 1831 impune
743 1751 864 1813 Subura

114 1866 253 1947 permisit
267 1866 409 1946 sparsisse
423 1866 525 1927 oculos
542 1867 608 1946 jam
623 1866 770 1927 candidus
785 1866 886 1940 umbo,

114 2001 246 2060 cumque
259 1980 317 2040 iter
330 1980 508 2060 ambiguum
522 1989 576 2053 est,
590 1989 621 2041 et
634 1981 717 2042 vitae
730 1981 847 2042 nescius
861 2003 944 2043 error

114 2092 240 2154 deducit
254 2093 386 2173 trepidas
401 2114 519 2154 ramosa
533 2093 565 2154 in
580 2095 713 2174 compita
728 2104 851 2169 mentes,
1034 2096 1074 2158 35

114 2229 163 2269 me
177 2207 235 2268 tibi
248 2209 409 2287 supposui:
431 2217 547 2269 teneros
561 2219 596 2269 tu
611 2209 737 2288 suscipis
752 2229 846 2269 annos

113 2320 278 2394 Socratico,
292 2321 434 2395 Cornute,
448 2321 534 2394 sinu;
555 2330 622 2382 tum
637 2321 742 2382 fallere
756 2321 860 2382 sollers

114 2434 254 2514 adposita
268 2433 394 2494 intortos
408 2433 545 2495 extendit
560 2433 665 2512 regula
679 2453 784 2507 mores,

113 2557 144 2609 et
157 2547 307 2627 premitur
320 2546 437 2608 ratione
450 2547 578 2620 animus,
595 2547 736 2626 vincique
750 2547 880 2623 laborat,

113 2661 320 2740 artificemque
334 2668 387 2721 tuo
401 2660 486 2720 ducit
495 2660 551 2720 sub
565 2660 677 2740 pollice
690 2661 821 2723 vultum.
1035 2663 1075 2725 40

113 2785 214 2836 tecum
228 2773 339 2833 etenim
354 2773 459 2852 longos
474 2773 598 2832 memini
612 2793 786 2834 consumere
799 2773 885 2849 soles,

112 2897 143 2948 et
156 2896 257 2948 tecum
272 2886 385 2966 primas
399 2886 496 2965 epulis
511 2886 670 2948 decerhere
682 2895 800 2948 noctes:

113 3022 209 3061 unum
224 3020 299 3080 opus
313 3009 343 3060 et
357 3001 491 3079 requiem
505 3000 620 3079 pariter
634 3001 821 3080 disponimus
836 3001 936 3077 ambo,

112 3123 204 3193 atque
218 3112 391 3175 verecunda
405 3113 545 3174 laxamus
559 3114 636 3174 seria
647 3135 758 3176 mensa.

112 3246 174 3286 non
188 3226 328 3306 equidem
342 3227 399 3288 hoc
412 3227 541 3299 dubites,
555 3227 715 3289 amborum
730 3229 848 3291 foedere
863 3239 945 3292 certo
1034 3231 1074 3290 45

112 3341 280 3402 consentire
294 3340 357 3401 dies
371 3349 402 3401 et
415 3340 454 3400 ab
470 3361 530 3401 uno
544 3340 641 3401 sidere
655 3341 743 3401 duci:

111 3463 216 3514 nostra
229 3453 280 3517 vel
294 3454 415 3534 aequali
429 3454 586 3533 suspendit
599 3463 738 3536 tempora
753 3453 852 3516 Libra
