2536 3806
178 202 218 263 72
421 219 600 267 n.1vn11
628 219 875 267 1vvnnsn1s

174 373 355 436 Messalinae
368 374 480 448 oeulis,
502 373 617 435 dudum
633 374 716 435 sedet
730 375 786 436 illa
799 386 907 455 parato

173 487 352 562 flammeolo,
367 487 536 569 Tyriusque
551 487 654 568 palam
668 491 796 568 genialis
810 491 842 550 in
856 491 952 553 hortis

172 603 325 674 sternitur,
339 611 369 662 et
384 603 444 662 ritu
460 603 556 663 decies
574 611 700 663 centena
715 604 871 665 dabuntur
1075 610 1132 670 335

172 713 306 794 antiquo,
321 714 422 776 veniet
436 734 504 775 cum
520 714 721 793 signatoribus
736 737 859 797 auspex.

172 825 246 885 haec
260 832 295 885 tu
308 835 422 885 secreta
436 834 466 885 et
480 825 584 904 paucis
599 827 756 887 commissa
770 828 921 907 putabas?

172 958 232 998 non
247 937 304 998 nisi
319 936 452 1017 legitime
465 936 535 1000 vult
548 936 669 999 nubere.
712 940 786 1019 quid
800 941 928 1019 placeat,
944 942 1010 1004 dic:

171 1051 203 1110 ni
217 1072 323 1131 parere
337 1053 421 1126 velis,
436 1053 624 1132 pereundum
639 1054 696 1114 erit
711 1063 781 1115 ante
795 1055 950 1128 lucernas;

171 1165 196 1224 si
211 1165 307 1226 scelus
321 1166 474 1242 admittas,
489 1168 612 1228 dabitur
627 1189 712 1229 mora
727 1168 866 1263 parvula,
880 1170 953 1230 dum
968 1191 1015 1231 res
1073 1173 1134 1234 340

171 1286 243 1339 nota
257 1278 326 1339 urbi
341 1288 370 1340 et
385 1279 498 1358 populo
515 1281 672 1360 contingat
686 1281 832 1360 principis
846 1301 967 1342 aurem:

172 1390 300 1451 dedecus
314 1390 367 1451 ille
381 1391 488 1452 domus
502 1393 575 1454 sciet
590 1393 733 1466 ultimus;
755 1393 869 1454 interea
882 1403 916 1455 tu

171 1503 332 1583 obsequere
346 1505 481 1585 imperio,
498 1507 523 1566 si
538 1506 617 1567 tanti
631 1507 697 1567 vita
711 1506 828 1567 dierum

171 1637 344 1696 paucorum.
388 1618 537 1698 quidquid
553 1618 649 1679 levius
664 1618 830 1699 meliusque
844 1620 969 1700 putaris,

170 1728 342 1811 praebenda
357 1739 401 1791 est
414 1731 518 1811 gladio
528 1731 658 1811 pulchra
668 1731 742 1792 haec
754 1741 783 1792 et
794 1732 925 1792 eandida
936 1733 1049 1796 cervix.
1072 1735 1132 1796 345

210 1847 281 1907 ‘Nil
296 1868 366 1927 ergo
382 1845 532 1926 optabunt
545 1845 718 1907 hominesl'
759 1847 784 1906 si
799 1846 956 1907 consilium
972 1848 1028 1923 vis,

168 1959 323 2039 permittes
337 1959 409 2038 ipsis
425 1957 595 2037 expendere
608 1957 792 2031 numinibus,
808 1958 881 2038 quid

169 2073 329 2134 conveniat
343 2071 429 2133 nobis
443 2070 591 2151 rebusque
605 2071 645 2131 sit
658 2071 732 2131 utile
746 2072 864 2134 nostris.

168 2207 238 2248 nam
254 2208 308 2267 pro
325 2186 469 2267 jucundis
484 2184 640 2264 aptissima
654 2204 790 2264 quaeque
804 2185 921 2246 dabunt
935 2185 976 2248 di.

168 2302 266 2362 carior
279 2310 324 2362 est
337 2301 398 2360 illis
412 2300 511 2372 home,
527 2318 619 2378 quam
633 2297 698 2359 sibi.
739 2319 793 2359 nos
807 2299 978 2360 animorum
1068 2301 1128 2364 350

168 2413 290 2493 inpulsu
305 2423 335 2474 et
350 2433 439 2473 caeca
454 2432 624 2491 magnaque
638 2410 781 2490 cupidine
794 2410 879 2471 ducti

168 2527 340 2607 conjugium
357 2526 486 2606 petimus
501 2533 683 2604 partumque
697 2524 818 2597 uxoris3
840 2534 872 2585 at
885 2524 947 2586 illis

167 2651 282 2714 notum,
298 2642 350 2722 qui
365 2641 451 2720 pueri
467 2641 624 2720 qualisque
639 2640 744 2699 futura
757 2640 797 2700 sit
811 2659 896 2700 uxor.

167 2767 202 2821 ut
216 2767 316 2819 tamen
331 2767 362 2818 et
375 2777 479 2837 poscas
493 2756 610 2836 aliquid
625 2776 796 2835 voveasque
809 2755 927 2816 sacellis

167 2881 238 2932 exta
252 2880 282 2932 et
295 2870 451 2931 candiduli
466 2870 571 2933 divina
585 2869 738 2931 tomacula
751 2869 844 2949 porci,
1065 2865 1123 2925 355

167 2981 313 3043 orandum
329 2989 382 3052 est,
396 2989 432 3041 ut
446 2980 485 3040 sit
499 3000 582 3041 mens
595 3001 669 3041 sana
683 2980 716 3039 in
731 3000 855 3058 corpore
867 2999 948 3041 sane.

166 3093 272 3154 fortem
288 3111 376 3171 posce
389 3091 535 3164 animum,
549 3092 654 3152 mortis
668 3100 781 3151 terrore
794 3100 954 3165 carentem,

166 3205 218 3286 qui
231 3205 363 3284 spatium
377 3204 459 3264 vitae
473 3211 641 3264 extremum
657 3204 736 3264 inter
750 3224 876 3264 munera
888 3213 982 3283 ponat

166 3326 301 3388 naturae,
316 3316 369 3392 qui
383 3314 461 3374 ferre
474 3323 566 3392 queat
579 3335 782 3394 quoscumque
796 3314 922 3390 labores,

167 3429 280 3489 nesciat
293 3428 391 3500 irasci,
405 3429 509 3507 cupiat
521 3429 608 3503 nihil,
623 3439 654 3491 et
667 3432 796 3510 potiores
1062 3427 1120 3498 360
