2516 3806
153 199 195 262 92
399 215 576 261 o.1vrr11
605 213 854 260 rvvnrranrs

151 390 232 430 nuno
246 370 449 432 Praenestinis
464 371 495 430 in
509 369 662 430 montibus
677 369 741 430 alto
754 368 884 449 parabat

151 483 286 544 eulmina
299 482 445 545 villarum
460 481 583 582 Graecis
598 482 746 562 longeque
759 481 860 562 petitis

151 597 360 669 marmoribus,
370 596 493 658 vincens
504 595 659 656 Fortunae
670 604 760 674 atque
770 595 915 656 Herculis
924 595 1041 671 aedem,
1074 596 1113 657 90

152 718 186 770 ut
199 705 292 789 spado
307 708 449 770 vincebat
462 708 614 788 Capitolia
628 717 730 768 nostra
744 707 875 768 Posides.

151 822 224 883 dum
239 822 365 901 sicergo
380 820 500 882 habitat
513 819 680 894 Cretonius,
695 819 838 880 inminuit
852 839 925 894 rem,

151 936 241 1016 fregit
255 957 341 1016 opes3
363 956 418 996 nec
433 955 529 1014 parva
543 944 645 995 tamen
658 955 800 995 mensura
813 934 937 995 relictae

152 1051 246 1130 partis
261 1060 341 1110 erat:
364 1058 459 1110 totam
474 1050 552 1109 hano
568 1048 705 1110 turbavit
718 1047 799 1108 filius
813 1068 925 1122 amens,

152 1163 225 1223 dum
239 1163 362 1223 meliore
376 1183 470 1224 novas
485 1161 598 1222 attollit
612 1181 761 1222 marmore
775 1161 873 1223 villas.

193 1275 328 1352 Quidam
339 1273 438 1334 sortiti
452 1281 635 1334 metuentem
650 1272 777 1334 sabbata
790 1283 908 1353 patrem

104 1426 114 1442 .
152 1390 197 1450 nil
212 1399 331 1469 praeter
345 1389 439 1449 nubes
453 1398 483 1449 et
497 1387 573 1449 caeli
584 1407 697 1447 numen
713 1388 850 1462 adorant,

14 3709 158 3788 1-'1

153 1526 208 1566 neo
222 1506 334 1566 distare
347 1513 458 1584 putant
472 1505 608 1564 humana
624 1523 714 1563 carne
727 1503 860 1576 suillam,

154 1640 214 1700 qua
229 1629 315 1700 pater
328 1618 494 1690 abstinuit;
515 1638 587 1678 mox
601 1625 632 1677 et
647 1617 807 1697 praeputia
821 1627 938 1696 ponunt

155 1731 308 1791 Romanas
323 1738 425 1789 autem
439 1725 520 1788 soliti
535 1736 725 1788 contemnere
739 1727 819 1807 leges
889 1781 892 1786 .

155 1843 319 1906 Judaioum
335 1841 472 1902 ediscunt
486 1850 516 1902 et
530 1850 654 1903 servant
668 1861 705 1902 ae
719 1851 859 1903 metuunt
875 1844 934 1922 jus,

155 1957 283 2019 tradidit
297 1975 408 2016 arcano
422 1954 634 2035 quodcumque
649 1953 804 2015 volumine
819 1955 947 2035 Moyses,

155 2089 216 2130 non
231 2077 398 2129 monstrare
412 2067 477 2127 vias
492 2066 597 2126 eadem
613 2066 670 2126 nisi
685 2087 771 2127 saera
786 2067 904 2141 colenti,
951 2111 955 2120 .

156 2181 327 2261 quaesitum
342 2179 382 2240 ad
396 2179 509 2239 fontem
525 2178 602 2239 solos
619 2177 767 2239 deducere
781 2199 896 2259 verpos.

156 2294 207 2354 sed
222 2302 309 2372 pater
322 2293 354 2352 in
369 2311 468 2362 causa,
483 2291 532 2351 cui
546 2290 675 2370 septima
690 2311 826 2371 quaeque
840 2293 899 2352 fuit
912 2291 968 2352 lux
1063 2285 1119 2356 105

156 2405 270 2485 ignava
284 2413 315 2466 et
329 2413 446 2484 partem
461 2405 543 2465 vitae
557 2425 618 2465 non
632 2405 736 2485 attigit
750 2405 856 2467 ullam.

197 2515 311 2597 Sponte
324 2525 425 2577 tamen
443 2517 570 2596 juvenes
584 2517 743 2577 imitantur
758 2527 864 2589 cetera,
878 2515 974 2577 solam

158 2630 247 2691 inviti
261 2649 380 2710 quoque
394 2630 555 2690 avaritiam
569 2649 707 2690 exercere
723 2629 877 2710 jubentur.

158 2741 239 2802 fallit
253 2741 333 2801 enim
347 2740 457 2800 vitium
471 2741 569 2820 specie
584 2741 706 2802 virtutis
720 2751 750 2802 et
765 2741 881 2814 umbra,

159 2875 228 2915 oum
242 2853 280 2914 sit
295 2853 380 2914 triste
394 2852 502 2913 habitu
517 2853 666 2933 vultuque
681 2862 710 2914 et
725 2862 806 2914 veste
820 2871 967 2925 severum,
1059 2852 1115 2913 110

158 2986 213 3028 neo
228 2965 319 3026 dubie
334 2974 490 3045 tamquam
505 2966 586 3046 frugi
601 2966 743 3028 laudetur
757 2986 875 3039 avarus,

158 3090 314 3158 tamquam
329 3097 437 3158 parcus
451 3078 541 3140 homo
555 3088 585 3140 et
599 3101 700 3140 rerum
714 3080 811 3140 tutela
823 3100 947 3141 suarum

159 3201 241 3253 certa
255 3189 350 3269 magis
365 3210 455 3268 quam
471 3190 495 3249 si
510 3190 646 3252 fortunas
660 3201 760 3253 servet
774 3192 892 3253 easdem

159 3303 363 3381 Hesperidum
374 3321 493 3379 serpens
504 3313 558 3362 aut
567 3304 718 3364 Ponticus.
747 3306 825 3365 adde
833 3306 913 3384 quod
923 3306 1016 3379 huno,
1025 3306 1062 3366 de

161 3434 220 3491 quo
234 3413 349 3490 loquor,
364 3413 516 3490 egregium
532 3413 662 3492 populus
678 3425 766 3493 putat
779 3417 960 3495 adquirendi
1059 3416 1113 3477 115
