2536 3806
356 720 400 794 D.
432 719 594 793 IVNII
631 720 957 796 IVVENALIS

466 920 840 998 SATVRAE.

548 1133 761 1178 -ωοοξοςοο-

641 1310 666 1372 Ι.

172 1443 309 1504 Snmrsa
322 1462 377 1521 ego
391 1441 512 1502 auditor
525 1441 666 1501 tantum?
686 1461 891 1521 numquamne
905 1463 1057 1524 reponam,

171 1563 300 1615 vexatus
315 1553 422 1614 totiens
437 1552 520 1614 rauci
539 1551 684 1622 Theseide
698 1551 812 1613 Cordi?

171 1670 295 1747 impune
310 1688 380 1746 ergo
394 1666 469 1726 mihi
479 1665 656 1727 recitaverit
670 1665 722 1726 ille
738 1674 865 1745 togatas,

171 1779 221 1839 hic
235 1779 355 1857 elegos?
375 1778 498 1856 impune
512 1776 592 1836 diem
607 1775 824 1855 consumpserit
838 1776 943 1855 ingens

171 1891 330 1969 Telephus,
345 1898 399 1950 aut
412 1889 521 1949 summi
536 1887 626 1967 plena
635 1888 701 1968 jam
716 1887 853 1966 margine
867 1888 939 1949 libri
1112 1891 1131 1950 5

171 2004 299 2082 scriptus
313 2011 343 2062 et
357 2003 388 2062 in
403 2011 487 2079 tergo
501 2021 556 2060 nec
570 2000 644 2062 dnm
658 2001 761 2060 finitus
776 1999 918 2062 Orestes?

171 2127 242 2178 nota
256 2117 351 2195 magis
366 2115 444 2175 nulli
457 2115 564 2175 domus
578 2125 622 2176 est
635 2136 699 2188 sue,
714 2136 805 2196 quam
819 2115 896 2176 mihi
909 2115 996 2176 lucus

170 2230 280 2290 Martis
295 2239 324 2289 et
338 2228 454 2291 Aeoliis
468 2229 602 2290 vicinum
617 2228 743 2307 rupibus
758 2238 880 2289 antrum

170 2342 313 2403 Vulcani.
355 2321 428 2420 quid
443 2349 535 2418 agant
549 2341 641 2414 venti,
656 2361 730 2422 quas
745 2350 885 2422 torqueat
899 2341 1023 2404 umbras

169 2453 297 2525 Aeacus,
312 2452 392 2512 unde
407 2451 484 2511 alius
498 2450 630 2512 furtivae
644 2452 774 2513 devehat
788 2473 898 2515 aurum
1091 2456 1129 2516 10

169 2565 339 2644 pelliculae,
354 2572 482 2643 quantas
490 2561 645 2642 jaculetur
659 2564 830 2644 Monychus
845 2585 942 2638 ornos,

168 2677 330 2740 Frontonis
344 2675 462 2755 platani
476 2675 680 2756 convulsaque
695 2699 846 2738 marmora
861 2678 995 2742 clamant

167 2811 285 2870 semper
298 2800 327 2851 et
341 2788 467 2849 adsiduo
481 2798 589 2868 ruptae
603 2790 714 2851 lectore
728 2791 903 2852 columnae:

167 2913 320 2984 exspectes
334 2902 438 2963 eadem
453 2923 471 2962 a
485 2923 601 2963 summo
616 2904 801 2984 minimoque
815 2915 912 2984 poeta.

167 3026 197 3077 et
210 3037 263 3076 nos
278 3036 348 3094 ergo
362 3035 487 3076 manum
503 3015 617 3076 ferulae
632 3015 842 3090 subduximus,
857 3026 887 3077 et
900 3037 954 3078 nos
1088 3020 1126 3079 15
1241 3055 1242 3059 =

167 3128 325 3190 consilium
340 3127 477 3189 dedimus
492 3128 604 3202 Sullae,
619 3129 756 3208 privatus
770 3140 805 3191 ut
819 3130 916 3192 altum

167 3245 327 3318 dormiret;
348 3243 444 3305 stulta
457 3253 501 3304 est
515 3244 684 3316 clementia,
699 3266 767 3305 cum
782 3255 827 3307 tot
841 3246 954 3326 ubique
1010 3295 1018 3310 .

165 3357 287 3419 vatibus
302 3377 450 3430 occurras,
464 3358 617 3436 periturae
627 3378 750 3437 parcere
765 3358 896 3419 chartae.

166 3491 220 3532 cur
234 3479 335 3532 tamen
351 3469 407 3532 hoc
422 3470 521 3551 potius
536 3470 630 3531 libeat
644 3471 802 3533 decurrere
816 3491 932 3550 campo,
