2536 3806
536 235 708 283 SATVRA
736 237 780 284 X.
1095 223 1137 287 69

175 402 280 454 suetus
294 392 360 455 hiat
374 401 503 466 tentum,
518 412 572 453 ceu
587 392 690 472 pullus
704 393 885 468 hirundinis,
900 393 939 454 ud
953 413 1042 474 quem

175 525 229 565 ore
245 505 327 566 volut
344 505 431 585 pleno
446 512 543 564 mater
559 505 673 584 jejuna.
714 505 767 564 sed
781 505 863 565 omni

175 618 381 680 membrorum
395 619 507 679 damno
522 620 618 698 major
633 618 793 691 dementia,
808 639 886 698 quse
900 639 955 680 nee

175 733 300 792 uomina
314 753 468 795 servorum
483 753 538 793 neu
553 732 673 794 vultum
689 736 825 812 agnoseit
838 733 937 807 emisi,

174 867 245 906 eum
261 866 320 924 quo
334 845 499 926 praeterita
514 846 635 906 cenavit
648 856 744 919 noete,
758 867 814 907 nee
828 846 905 920 illos,
1075 848 1134 910 235

174 977 250 1037 quos
263 959 377 1036 genuit,
391 978 465 1038 quos
480 958 594 1018 eduxit.
636 979 707 1018 uum
722 959 823 1020 codice
837 979 928 1020 suevo

173 1072 298 1132 heredes
313 1082 397 1134 vetut
410 1093 471 1132 esse
485 1092 562 1145 suos,
576 1071 656 1133 bena
670 1080 734 1134 totu
749 1072 888 1135 feruutur

173 1184 215 1246 ad
229 1184 358 1246 Phialen
369 1208 377 1259 ;
398 1195 517 1246 tentum
533 1185 656 1246 artificis
669 1186 753 1248 valet
766 1186 880 1248 halitus
893 1187 962 1261 oris,

173 1301 256 1380 quod
270 1309 394 1361 steterat
407 1301 511 1362 multis
525 1302 557 1361 in
571 1321 689 1362 carcere
703 1301 825 1363 fornicis
839 1301 934 1362 annis.

173 1423 211 1474 ut
224 1414 348 1494 vigeant
362 1435 464 1475 sensus
479 1415 582 1488 animi,
598 1415 736 1475 ducenda
750 1423 852 1476 tamen
865 1423 937 1476 sunt
1073 1416 1133 1479 240

172 1526 282 1586 funera
296 1536 446 1600 natorum,
461 1548 550 1606 rogus
565 1527 753 1607 aspiciendus
768 1537 887 1588 amatae

174 1639 310 1718 conjugis
325 1648 355 1700 et
369 1639 472 1700 fratris
486 1640 651 1720 plenaeque
665 1639 816 1700 sororibus
829 1661 932 1702 urnae.

172 1752 250 1812 haee
263 1751 337 1812 datu
350 1772 447 1831 poena
461 1753 514 1812 diu
529 1752 710 1826 viventibus,
725 1762 760 1813 ut
773 1761 919 1816 renovata

172 1887 292 1946 semper
306 1866 392 1928 clade
406 1866 512 1928 domus
526 1866 631 1927 multis
645 1866 676 1926 in
691 1865 823 1928 luctibus
836 1866 928 1946 inque

171 1990 319 2062 perpetuo
333 2001 468 2041 maerore
482 1989 512 2040 et
525 1980 614 2059 nigra
629 1989 711 2040 veste
723 1989 886 2040 senescant.
1072 1981 1130 2043 245

170 2116 227 2156 rex
242 2095 357 2175 Pylius,
371 2114 482 2174 magno
496 2095 521 2154 si
535 2093 700 2174 quidquam
716 2093 811 2154 credis
825 2093 971 2168 Homero,

170 2206 346 2286 exemplum
361 2207 443 2268 vitae
457 2205 516 2266 fuit
529 2226 548 2265 a
561 2205 679 2267 cornice
692 2204 848 2266 secundae.

169 2320 247 2382 felix
261 2320 415 2393 nimirum,
430 2319 483 2400 qui
498 2327 543 2388 tot
557 2339 611 2398 per
624 2319 745 2380 saecula
759 2329 886 2380 mortem

168 2432 289 2494 distulit
303 2442 395 2512 utque
408 2453 476 2493 suos
492 2432 681 2512 jamldextra
695 2441 851 2512 computat
864 2453 967 2507 annos,

168 2550 282 2631 quique
291 2571 405 2613 novum
417 2548 526 2609 totiens
537 2554 671 2606 mustum
683 2545 768 2607 bibit.
810 2567 871 2620 oro,
882 2566 1046 2627 parumper
1068 2549 1126 2611 250

167 2663 316 2736 attendas,
331 2659 482 2741 quantum'
496 2661 533 2720 de
547 2657 665 2738 legibus
679 2657 743 2738 ipse
757 2666 901 2737 queratur

166 2776 300 2837 fetorum
314 2786 344 2837 et
357 2775 451 2836 nimio
466 2773 503 2836 de
516 2775 653 2848 stamine,
669 2792 737 2834 eum
752 2772 836 2834 videt
849 2772 926 2833 ueris

165 2887 328 2950 Antilochi
341 2886 467 2948 barbam
483 2887 649 2960 ardentem,
664 2905 732 2945 eum
748 2883 866 2963 quaerit
880 2884 919 2944 ab
933 2885 1015 2946 omni

165 3003 303 3084 quisquis
317 3003 401 3064 adest
414 3002 520 3076 socius,
534 3022 589 3062 cur
602 3000 677 3061 haee
691 2999 723 3059 in
737 3007 874 3077 tempora
888 2997 984 3072 duret,

165 3118 248 3197 quod
262 3116 380 3178 facinus
397 3116 524 3195 dignum
538 3124 601 3176 tam
616 3114 706 3193 longo
721 3111 876 3173 admiserit
889 3114 985 3175 aevo?
1066 3115 1124 3174 255

166 3237 241 3297 haec
256 3235 360 3296 eudem
376 3233 492 3306 Peleus,
508 3243 629 3312 raptum
644 3253 713 3293 eum
728 3230 812 3309 luget
826 3228 991 3303 Achillem,

166 3360 259 3431 etque
273 3349 361 3419 alius,
376 3347 425 3408 cui
439 3347 484 3407 fas
499 3345 641 3407 Ithacum
655 3345 758 3422 lugere
772 3351 936 3403 natantem.

166 3461 313 3524 ineolumi
327 3459 418 3541 Troja
432 3460 572 3520 Priamus
585 3459 715 3521 venisset
728 3457 767 3517 ad
782 3456 904 3516 umbras
