2536 3806
498 249 670 297 serven
699 250 804 297 v111.
1082 235 1125 299 53
1218 249 1220 254 ’

165 406 213 467 illi
227 427 429 468 marmoreum
444 415 536 487 caput
550 415 602 480 est,
617 414 671 466 tua
684 406 763 468 vivit
776 406 885 485 imago.
1085 407 1124 467 55

164 519 214 580 dic
229 520 313 594 mihi,
328 519 514 580 Teucrorum
528 518 636 599 proleS,
651 517 797 579 animalia
811 528 897 578 mutu

163 633 231 712 quis
245 652 389 711 generosa
402 641 498 712 putet,
512 631 571 691 nisi
585 631 697 692 fortia?
717 651 825 710 nempe
838 631 993 693 volucrem

162 746 206 807 sio
220 746 381 806 laudamus
396 766 516 826 equum,
531 745 615 805 facili
629 745 678 805 cui
692 743 826 824 plurima
839 743 943 823 palma

162 859 260 921 fervet
274 867 304 919 et
318 859 439 919 exultat
452 879 543 919 rauco
558 858 686 920 victoria
700 857 787 918 circo.

161 972 273 1033 nobilis
288 971 347 1044 hic,
361 991 551 1050 quocumque
564 971 649 1032 venit
662 969 700 1031 de
713 970 859 1050 gramine,
873 943 959 1049 eujus
1083 970 1122 1032 60

161 1085 246 1145 clara
260 1084 334 1164 fuga
347 1092 419 1144 ante
432 1083 507 1144 alios
522 1092 551 1144 et
564 1084 680 1163 primus
695 1083 726 1142 in
740 1103 868 1164 aequore
882 1082 984 1162 pulvis
992 1104 1001 1156 ;

160 1197 214 1257 sed
228 1196 336 1258 venale
351 1216 441 1276 pecus
456 1195 627 1276 Coryphaei
641 1195 799 1274 posteritas
813 1204 843 1255 et

161 1309 299 1389 Hirpini,
313 1310 339 1369 si
353 1330 423 1370 rora
439 1311 515 1390 jugo
531 1309 669 1370 Victoria
683 1310 768 1370 sedit.

160 1425 206 1484 nil
221 1424 266 1485 ibi
280 1425 429 1504 majorum
444 1432 603 1503 respectus
618 1424 718 1503 gratia
731 1423 818 1484 nulla

160 1538 357 1610 umbrarum;
378 1537 515 1599 dominos
529 1538 633 1617 pretiis
648 1547 765 1598 mutare
781 1536 929 1618 jubentur
1081 1537 1120 1598 65

160 1653 288 1732 exiguis,
302 1652 374 1712 trito
389 1652 506 1712 ducunt
519 1652 653 1732 epiredia
667 1651 744 1713 collo

160 1763 336 1842 segnipedes
352 1763 497 1842 dignique
511 1763 622 1823 molam
638 1783 758 1824 versare
771 1762 906 1842 Nepotis.

160 1896 231 1954 ergo
245 1885 281 1935 ut
295 1874 441 1934 miremur
456 1883 494 1948 te,
508 1895 568 1935 non
583 1887 645 1948 tua,
660 1877 782 1955 privum
797 1874 914 1954 aliquid
928 1873 977 1946 da,

159 1992 241 2071 quod
256 1992 367 2072 possim
381 1992 479 2053 titulis
494 1992 626 2053 incidere
639 2002 759 2071 praeter
772 1992 908 2063 honores,

63 2175 65 2178 ¹
161 2128 235 2186 quos
248 2109 311 2170 illis
326 2111 432 2171 damus
447 2127 482 2172 ac
498 2111 643 2185 dedimus,
659 2111 768 2190 quibus
782 2111 884 2171 omnia
898 2109 995 2172 debes.
1079 2111 1118 2174 70

200 2221 290 2285 Haec
303 2226 376 2285 satis
390 2225 429 2286 ed
446 2227 599 2306 juvenem,
615 2241 704 2307 quem
718 2227 804 2287 nobis
818 2227 900 2287 fama
914 2225 1078 2306 superbum

162 2336 257 2396 tradit
270 2345 301 2397 et
314 2336 455 2398 infletum
469 2339 653 2419 plenumque
668 2338 789 2400 Nerone
803 2339 982 2418 propinque.

161 2469 247 2510 rarus
262 2451 341 2510 euim
357 2451 451 2512 ferme
465 2466 567 2512 seusus
582 2453 748 2513 communis
762 2453 794 2512 in
810 2451 866 2512 illa

159 2565 299 2636 fortuna;
319 2566 370 2626 sed
385 2577 415 2626 te
429 2566 541 2627 censeri
555 2567 646 2628 laude
659 2577 791 2639 tuorum,

159 2675 292 2749 Pontice,
308 2677 456 2738 noluerim
471 2678 513 2738 sic
527 2687 562 2739 ut
575 2679 652 2738 nihil
663 2679 730 2758 ipse
744 2679 865 2738 futurae
1080 2677 1119 2741 75

158 2785 259 2848 laudis
273 2807 353 2867 ages.
395 2788 537 2848 miserum
551 2797 596 2850 est
609 2789 739 2850 aliorum
754 2788 928 2850 incumbere
942 2786 1050 2862 famae,

156 2919 198 2960 ne
211 2899 354 2978 conlapsa
369 2908 460 2960 ruant
474 2899 629 2962 subductis
643 2909 723 2962 tecta
738 2900 893 2962 columnis.

157 3020 270 3072 stratus
284 3011 370 3070 humi
385 3011 500 3091 palmes
516 3012 623 3074 viduas
639 3012 789 3074 desiderat
802 3012 909 3074 ulmos.

157 3135 220 3187 esto
236 3125 331 3188 bonus
345 3127 440 3200 miles,
456 3135 539 3188 tutor
553 3125 658 3201 bonus,
673 3127 788 3190 arbiter
801 3127 881 3188 idem

158 3242 282 3321 integer.
324 3241 486 3321 ambiguae
500 3242 524 3302 si
539 3242 661 3322 quando
675 3241 806 3303 citabere
819 3242 903 3303 testis
1079 3241 1118 3303 80

158 3352 349 3431 incertaeque
364 3352 415 3425 rei,
431 3352 572 3414 Phalaris
588 3354 658 3414 licet
671 3353 798 3432 imperet
811 3362 846 3414 ut
860 3353 900 3414 sis

159 3465 252 3526 falsus
266 3473 296 3524 et
310 3445 431 3525 admoto
445 3465 539 3526 dictet
552 3465 685 3544 perjuria
699 3473 797 3536 tauro,

589 3563 609 3611 lt
618 3562 634 3610 2
