2536 3806
175 199 216 266 78
428 219 605 266 n.1vrr11
633 218 880 266 1vvaunn1s

173 375 309 450 materia,
324 376 397 456 quin
411 376 477 456 ipsa
491 375 653 448 manubria
667 375 860 436 cultellorum

172 508 271 560 ossea;
292 508 353 548 non
369 496 471 548 tamen
484 488 531 548 his
546 487 611 548 ulla
625 509 770 567 umquam
786 488 910 550 obsonia
923 489 1002 550 fiunt

171 600 339 674 rancidula,
354 609 408 660 aut
421 601 488 660 ideo
503 601 586 680 pejor
598 600 716 679 gallina
730 609 856 661 secatur.
1073 603 1132 663 135

170 715 222 776 sed
237 735 292 776 nec
306 724 436 777 structor
450 716 517 789 erit,
532 715 581 776 cui
596 716 700 776 cedere
715 714 824 776 debeat
837 717 934 777 omnis

170 828 306 908 pergula,
321 829 485 909 discipulus
500 829 649 909 Trypheri
664 829 803 903 doctoris,
818 838 894 909 aput
907 850 997 911 quem

169 941 286 1001 sumine
301 962 370 1002 curn
385 961 495 1021 magno
509 942 594 1020 lepus
608 951 700 1022 atque
713 963 787 1021 aper
800 951 830 1003 et
843 963 997 1022 pygargus

170 1061 199 1112 et
213 1051 373 1133 Scythicae
385 1053 523 1116 volucres
537 1063 567 1114 et
581 1055 831 1134 phoenicopterus
845 1055 950 1135 ingens

169 1175 199 1226 et
213 1165 362 1228 Gaetulus
376 1187 453 1248 oryx
467 1168 568 1229 hebeti
582 1168 750 1228 lautissima
763 1168 843 1230 ferro
1071 1173 1132 1233 140

169 1280 305 1340 caeditur
318 1289 349 1341 et
361 1289 426 1342 tota
439 1290 527 1342 sonat
540 1282 641 1342 ulmea
654 1302 729 1342 cena
743 1281 872 1343 Subura.

168 1413 224 1453 nec
237 1393 367 1454 frustum
382 1414 508 1473 capreae
521 1393 687 1454 subducere
701 1415 756 1454 nec
770 1393 850 1455 latus
864 1393 961 1456 Afrae

168 1507 256 1568 novit
269 1506 334 1568 avis
347 1515 456 1581 noster,
470 1506 641 1567 tirunculus
656 1527 692 1567 ac
706 1507 790 1567 rudis
804 1507 887 1567 omni

169 1629 303 1699 tempore
317 1628 347 1680 et
361 1620 489 1698 exiguae
502 1619 591 1680 furtis
605 1618 728 1679 inbutus
743 1619 859 1681 ofellae.

168 1733 301 1814 plebeios
315 1733 422 1794 calices
436 1742 466 1794 et
479 1734 583 1814 paucis
597 1733 712 1794 assibus
726 1743 841 1813 emptos
1068 1735 1130 1798 145

167 1847 301 1927 porriget
315 1846 448 1908 incultus
461 1867 538 1926 puer
551 1855 642 1926 atque
656 1867 675 1906 a
688 1846 800 1925 frigore
813 1855 914 1920 tutus3

167 1980 229 2021 non
243 1959 351 2040 Phryx
365 1967 419 2020 aut
432 1958 554 2038 Lycius,
568 1978 628 2020 non
643 1979 662 2018 a
676 1979 825 2038 mangone
838 1959 949 2038 petitus

168 2073 326 2153 quisquam
341 2072 398 2132 erit
411 2080 442 2132 et
454 2091 573 2150 magno.
614 2091 684 2131 cum
698 2092 808 2150 posces,
822 2092 910 2151 posce
923 2071 1044 2136 Latine.

167 2185 247 2246 idem
262 2185 384 2246 habitus
399 2184 523 2257 cunctis,
538 2183 617 2245 tonsi
631 2185 764 2264 rectique
779 2183 883 2263 capilli

167 2307 258 2377 atque
271 2298 361 2359 hodie
374 2305 494 2358 tantum
508 2305 631 2376 propter
646 2296 787 2358 convivia
799 2296 880 2377 pexi.
1054 2299 1126 2363 -150

167 2411 294 2492 pastoris
308 2411 377 2472 duri
390 2411 441 2473 hic
455 2419 500 2472 est
513 2410 603 2484 filius,
618 2408 671 2470 ille
685 2409 818 2471 bubulci.

166 2524 297 2603 suspirat
311 2522 401 2603 longo
416 2543 477 2586 non
491 2523 588 2585 visam
603 2530 736 2601 tempore
750 2531 888 2597 matrem,

166 2647 196 2700 et
209 2636 344 2698 casulam
358 2645 389 2697 et
402 2644 488 2698 notos
503 2635 595 2696 tristis
609 2634 760 2696 desiderat
772 2635 893 2711 haedos,
938 2637 940 2642 ’

164 2753 289 2833 ingenui
302 2752 406 2816 vultus
420 2772 496 2832 puer
509 2751 691 2832 ingenuique
704 2751 837 2831 pudoris,

166 2867 269 2947 quales
283 2866 443 2928 essedecet
457 2886 530 2946 quos
544 2866 652 2927 ardens
665 2887 802 2946 purpura
815 2867 914 2929 vestit.
1064 2871 1121 2930 155

165 2981 215 3041 hic
229 2980 286 3041 tibi
299 2980 373 3043 vina
386 2979 472 3041 dabit
485 2979 595 3040 diffusa
608 2980 639 3039 in
654 2979 806 3041 montibus
820 2980 891 3055 illis,
906 3011 910 3020 ·
1064 2984 1121 3044 159

85 3063 92 3073 .
166 3092 308 3172 aquibus
321 3092 385 3172 ipse
398 3092 491 3166 venit,
506 3112 634 3172 quorum
648 3091 704 3152 sub
718 3093 830 3154 vertice
844 3094 918 3155 lusit
926 3116 934 3168 ;

165 3224 296 3284 namque
304 3224 366 3263 una
375 3211 465 3283 atque
476 3203 581 3264 cadem
590 3212 634 3264 est
645 3203 710 3265 vini
719 3203 819 3282 patria
828 3214 919 3284 atque
928 3205 1067 3268 ministri.

207 3317 319 3378 Nostra
333 3316 450 3377 dabunt
463 3316 539 3378 alios
552 3317 642 3377 hodic
659 3317 800 3378 convivia
813 3317 920 3380 ludos:
1061 3320 1120 3383 179

167 3427 304 3488 conditor
316 3427 431 3489 Iliados
449 3427 623 3489 cantabitur
636 3437 728 3508 atque
742 3428 878 3492 Maronis
