2536 3806
534 247 706 294 SATVRA
735 247 777 296 V.

173 405 295 467 saucius
310 414 340 468 et
353 405 447 467 rubra
461 405 596 484 deterges
609 405 738 468 vulnera
751 427 873 488 mappa,

174 523 323 584 intervos
337 523 475 602 quotiens
488 521 725 602 libertorumque
743 522 896 584 eohortem

174 653 281 714 pugna
295 633 464 714 Saguntina
477 634 575 696 fervet
588 635 746 696 commissa
759 635 879 714 lagona

174 750 240 829 ipse
254 750 398 830 capillato
412 750 555 811 diffusum
568 749 690 810 consule
703 758 789 829 potat

174 865 385 944 calcatamque
398 873 480 926 tenet
493 865 581 925 bellis
594 864 755 926 socialibus
768 885 871 938 uvam,

174 979 315 1040 cardiaco
330 1000 496 1058 numquam
511 979 655 1060 cyathum
669 980 813 1039 missurus
827 980 941 1054 amico;

174 1111 242 1151 cras
256 1090 340 1151 bibet
353 1089 484 1151 Albanis
499 1090 615 1171 aliquid
629 1091 667 1152 de
680 1090 833 1151 montibus
846 1100 901 1152 aut
914 1091 953 1153 de

173 1204 294 1279 Setinis,
309 1206 394 1285 cujus
407 1205 538 1285 patriam
553 1203 736 1284 titulumque
750 1213 885 1265 senectus

173 1317 288 1378 delevit
303 1319 400 1378 multa
414 1313 523 1379 veteris
538 1317 665 1397 fuligine
680 1327 782 1391 testae,

173 1430 265 1510 quale
279 1431 414 1491 coronati
427 1430 560 1491 Thrasea
574 1430 797 1511 Helvidiusque
810 1430 956 1492 bibebant

173 1541 341 1602 Brutorum
355 1551 385 1602 et
400 1542 484 1602 Cassi
498 1517 660 1602 natalibus.
702 1541 766 1620 ipse
779 1561 903 1621 capaces

172 1653 343 1714 Heliadum
359 1663 474 1715 crustas
489 1662 519 1714 et
533 1653 706 1733 inaequales
721 1653 839 1714 berullo

171 1767 268 1829 Virro
282 1776 364 1828 tenet
378 1767 513 1847 phialas:
535 1767 593 1828 tibi
606 1787 667 1828 non
682 1768 881 1828 committitur
894 1788 1013 1842 aurum,

171 1882 232 1954 vel,
246 1881 407 1960 siquando
421 1880 520 1954 datur,
535 1890 633 1942 custos
647 1881 767 1941 adfixus
781 1881 902 1955 ibidem,

171 1993 226 2072 qui
239 2001 378 2053 numeret
390 2013 532 2072 gemmas,
547 2013 663 2072 ungues
677 1992 814 2055 observet
827 2003 939 2055 acutos.

171 2105 213 2166 da
227 2106 364 2169 veniam:
385 2105 542 2185 praeclara
557 2105 604 2164 illi
618 2105 763 2166 laudatur
777 2106 876 2184 iaspis.

170 2239 243 2278 nam
259 2218 361 2292 Virro,
375 2228 410 2278 ut
423 2218 522 2291 multi,
536 2237 670 2297 gemmas
684 2219 724 2278 ad
739 2217 849 2298 pocula
864 2220 1005 2281 transfert

171 2351 192 2391 a
204 2331 316 2410 digitis,
330 2351 405 2410 quas
419 2329 451 2389 in
466 2331 595 2410 vaginae
608 2329 707 2392 fronte
720 2330 836 2392 solebat

171 2466 282 2525 ponere
296 2445 434 2525 zelotypo
443 2445 565 2524 juvenis
579 2445 733 2524 praelatus
747 2445 873 2508 Iarbae:

171 2569 206 2620 tu
222 2558 429 2621 Beneventani
444 2559 553 2619 sutoris
567 2578 677 2619 nomen
691 2559 853 2620 habentem

171 2667 298 2730 siccabis
313 2668 438 2729 calicem
453 2687 594 2728 nasorum
609 2675 753 2747 quattuor
767 2688 803 2729 ac
811 2669 878 2749 jam

172 2793 345 2866 quassatum
360 2791 390 2844 et
404 2791 494 2862 rupto
508 2791 678 2862 poscentem
692 2782 819 2862 sulpura
834 2783 922 2844 vitre.

170 2899 196 2960 si
210 2897 383 2959 stomachus
396 2895 511 2957 domini
528 2895 624 2957 fervet
637 2895 768 2974 vinoque
782 2895 917 2976 ciboque,

170 3011 310 3092 frigidior
324 3009 438 3072 Geticis
452 3009 566 3089 petitur
580 3009 704 3069 decocta
717 3010 850 3088 pruinis:

170 3147 232 3188 non
246 3125 350 3186 eadem
366 3124 451 3186 vobis
466 3123 538 3203 poni
552 3123 641 3184 modo
656 3123 729 3186 vina
743 3123 910 3203 querebar?
994 3185 1000 3198 ,

155 3259 224 3332 Ινοε
238 3237 331 3298 aliam
346 3227 457 3316 potabis
472 3255 591 3314 aquam.
633 3235 689 3296 tibi
705 3235 815 3314 pocula
828 3257 931 3297 cursor

170 3350 320 3414 Gaetulus
335 3349 423 3410 dabit
437 3357 491 3407 aut
505 3347 584 3427 nigri
599 3367 706 3406 manus
721 3367 803 3408 ossea
818 3349 931 3422 Mauri,

169 3473 200 3524 et
215 3463 263 3523 cui
278 3482 333 3541 per
346 3461 476 3521 mediam
490 3460 569 3520 nolis
583 3448 738 3520 occurrere
751 3469 879 3534 noctem,

636 3553 662 3602 D
