2536 3806
158 253 199 316 68
404 270 582 317 mrvnrr
612 269 860 317 rvvnrrnnrs

157 428 188 486 in
203 425 307 487 vetula
321 423 430 505 scalpit
445 427 511 506 jam
526 435 623 486 mater
637 427 725 486 simia
739 426 843 486 bucca.
1056 426 1115 488 195

157 539 290 620 plurima
304 548 375 599 sunt
390 540 538 619 juvenum
555 539 746 612 discrimina3
767 539 924 619 pulchrior
940 538 995 601 ille

156 654 222 723 hoc,
237 661 328 732 atque
342 651 395 713 ille
408 653 478 724 alio,
494 651 625 712 multum
640 652 690 712 hic
703 652 854 713 robustior
868 652 942 725 illo;

156 787 218 827 una
231 786 336 827 senum
351 765 451 840 facies,
466 787 535 826 cum
550 786 625 828 voce
637 766 797 826 trementia
812 764 948 826 membra

156 887 186 940 et
202 879 267 958 jam
283 878 350 940 leve
365 888 457 958 caput
471 879 646 958 madidique
660 878 790 939 infantia
804 878 880 952 nasi,

156 991 340 1071 frangendus
354 993 462 1052 misero
477 992 603 1072 gingiva
616 993 703 1072 panis
717 992 835 1054 inermi.
1055 991 1115 1052 200

156 1124 249 1185 usque
263 1103 338 1164 adeo
351 1105 452 1183 gravis
468 1107 555 1165 uxori
571 1106 710 1185 natisque
722 1105 848 1186 sibique,

157 1225 191 1278 ut
205 1217 354 1296 captatori
369 1227 490 1279 moveat
504 1218 626 1279 fastidia
643 1217 742 1279 Cossc.

156 1351 216 1392 non
232 1329 336 1390 eadem
351 1331 415 1391 viui
430 1340 521 1411 atque
535 1331 595 1392 cibi
610 1340 747 1410 torpente
760 1331 865 1410 palato
1055 1329 1114 1390 203

155 1443 268 1524 gaudia
269 1486 622 1504 ........
663 1443 763 1521 aspice
775 1442 871 1521 partis

156 1579 239 1638 nuno
247 1559 392 1618 damnum
401 1557 534 1619 alteriu.
569 1578 641 1618 nam
650 1556 1039 1639 quaecantantevoluptas,
1053 1557 1113 1618 210

154 1674 194 1734 sit
208 1673 279 1733 licet
291 1671 422 1732 eximius
439 1672 628 1733 citharoedus
641 1673 720 1734 sitve
733 1671 875 1732 Seleucus

156 1794 186 1846 et
200 1783 308 1864 quibus
323 1793 431 1845 aurata
445 1805 509 1845 mos
523 1794 568 1845 est
581 1784 698 1864 fulgere
711 1783 853 1844 lacerna?

155 1902 229 1982 quid
244 1904 344 1977 refert,
361 1902 464 1981 magni
479 1901 580 1962 sedeat
593 1921 654 1980 qua
668 1909 755 1980 parte
769 1898 890 1972 theatri,

154 2018 206 2097 qui
222 2019 277 2080 vix
291 2018 457 2080 cornicines
471 2016 613 2076 exaudiet
627 2025 718 2098 atque
731 2012 875 2074 tubarum

155 2142 336 2202 concentus?
359 2141 490 2203 clamore
503 2162 578 2220 opus
592 2149 644 2214 est,
659 2148 694 2200 ut
707 2138 817 2200 sentiat
831 2136 921 2210 auris,
1051 2135 1112 2196 215

154 2268 242 2327 quem
258 2249 340 2309 dicat
354 2249 469 2310 venisse
483 2269 569 2328 puer,
582 2257 656 2328 quot
670 2248 789 2308 nuntiet
801 2247 900 2307 horas.

154 2370 308 2438 praeterea
324 2362 466 2422 minimus
480 2361 580 2442 gelido
596 2362 660 2441 jam
676 2361 708 2420 in
723 2380 846 2439 corpore
860 2356 982 2438 sanguis

153 2471 236 2533 febre
250 2474 328 2535 calet
342 2475 424 2547 sola;
446 2475 622 2536 circumsilit
636 2474 756 2554 agmine
769 2473 849 2533 facto

154 2588 326 2650 morborum
342 2611 430 2650 omne
444 2611 546 2670 genus,
563 2610 689 2671 quorum
705 2589 730 2650 si
744 2587 868 2650 nomina
882 2605 1018 2666 quaeras,

152 2703 321 2781 promptius
336 2705 505 2782 expediam,
516 2712 589 2783 quot
603 2702 752 2765 amaverit
765 2701 867 2782 Oppia
881 2699 1019 2762 moechos

153 2824 226 2894 quot
240 2813 400 2877 Themison
416 2837 519 2896 aegros
534 2824 680 2877 autumno
695 2815 839 2876 occiderit
851 2834 928 2886 uno;
1050 2815 1108 2874 221

153 2946 326 3005 percurram
342 2928 438 3001 citius,
454 2936 527 3007 quot
542 2927 633 2988 villas
647 2926 798 3007 possideat
811 2945 901 2997 nunc,
1049 2925 1110 2985 225

153 3059 212 3117 quo
226 3039 369 3101 tondente
383 3040 486 3120 gravis
502 3039 609 3120 juveni
625 3039 701 3099 mihi
715 3039 812 3100 barba
826 3036 960 3098 sonabat.

153 3149 205 3210 ille
219 3171 331 3220 umero,
346 3150 395 3212 hic
409 3151 529 3224 lumbis,
544 3151 594 3211 hic
609 3171 685 3211 coxa
700 3149 823 3220 debilis;
844 3147 949 3209 ambos

153 3263 284 3341 perdidit
299 3262 351 3323 ille
365 3264 466 3324 oculos
480 3272 510 3326 et
525 3263 615 3324 luscis
629 3263 763 3335 invidet;
784 3261 874 3341 hujus

153 3367 269 3448 pallida
282 3367 370 3429 labra
385 3369 485 3428 cibum
500 3371 653 3449 accipiunt
667 3369 769 3449 digitis
783 3368 899 3442 alienis,

153 3479 216 3558 ipse
231 3479 270 3538 ad
284 3488 474 3558 conspectum
490 3500 581 3541 cenae
595 3480 737 3542 diducere
750 3481 861 3543 rictum
1049 3479 1109 3542 230
