2536 3806
176 215 216 277 88
424 225 464 271 D.
481 224 603 272 IVNII
631 224 880 274 IVVENALIS

177 386 208 445 bi
223 391 303 455 sunt,
317 381 372 461 qui
386 380 541 459 trepidant
554 389 584 441 et
598 380 637 441 ad
651 381 754 441 omnia
767 381 891 462 fulgura
904 384 1032 464 pallent,

177 520 245 560 cum
260 505 354 570 tonat,
369 495 522 556 exanimes
536 495 634 575 primo
648 517 768 576 quoque
781 517 935 560 murmure
950 501 1045 576 caeli3

176 634 236 674 non
251 611 337 692 quasi
351 609 494 670 fortuitus
509 627 565 669 nec
579 618 738 669 ventorum
754 611 847 685 rabie,
860 622 905 673 set
1078 616 1131 676 225

176 729 270 787 iratus
285 725 374 786 cadat
388 723 420 782 in
434 730 530 782 terras
545 732 575 783 et
590 723 724 784 vindicet
737 724 824 804 ignis.

175 841 229 902 illa
243 839 320 900 nihil
336 838 447 911 nocuit,
464 857 537 898 cura
552 838 691 916 graviore
706 839 830 900 timetur

174 952 315 1032 proxima
328 959 497 1029 tempestae,
513 949 599 1010 velut
615 949 672 1010 hoo
687 951 785 1012 dilata
797 972 909 1014 sereno.

175 1071 329 1142 praeterea
344 1061 447 1122 lateris
461 1060 549 1140 vigili
565 1080 634 1120 cum
649 1060 732 1120 febre
745 1061 880 1124 dolorem

174 1177 199 1236 si
214 1196 336 1255 coepero
350 1175 424 1255 pati,
439 1175 562 1235 missum
579 1174 618 1234 ad
633 1193 688 1234 sua
702 1195 829 1254 corpora
843 1177 983 1238 morbum
1077 1179 1132 1240 230

174 1289 281 1349 infesto
296 1288 423 1349 credunt
436 1308 456 1347 a
469 1287 610 1360 numiue;
632 1307 706 1348 saxa
721 1287 846 1349 deorum

174 1402 249 1462 haec
262 1408 294 1462 et
306 1401 368 1461 tela
381 1409 500 1479 putant.
541 1398 686 1478 pecudem
701 1399 849 1478 spondere
862 1403 972 1464 sacello

174 1513 328 1576 balantem
343 1524 372 1575 et
387 1514 517 1574 Laribus
532 1513 652 1574 cristam
669 1514 843 1593 promittere
857 1517 932 1596 galli

174 1649 235 1689 non
249 1628 381 1700 audeut;
402 1627 474 1707 quid
490 1627 570 1687 euim
584 1647 704 1706 sperare
719 1628 895 1690 nocentibus
910 1630 1007 1710 aegris

174 1742 366 1802 concessum?
386 1741 436 1802 vel
451 1761 529 1820 quae
542 1761 603 1800 nou
617 1741 737 1820 dignior
753 1742 852 1802 hostia
866 1744 953 1804 vita?
1076 1747 1131 1808 235

173 1857 294 1918 mobilis
307 1865 338 1918 et
351 1856 437 1918 varia
451 1864 496 1916 est
509 1855 603 1916 fermo
617 1864 728 1916 natura
743 1856 901 1919 malorum.

173 1990 243 2031 cum
257 1969 353 2030 scelus
367 1968 542 2041 admittunt,
557 1977 691 2047 superest
706 1971 891 2044 constantia;
913 1971 987 2051 quid
1001 1972 1048 2034 fas

173 2092 264 2162 atque
278 2083 370 2155 nefas,
385 2081 507 2142 taudem
524 2081 673 2160 incipiunt
688 2083 797 2144 sentire
811 2085 941 2162 peractis

173 2196 357 2259 criminibus.
399 2206 501 2257 tamon
515 2196 557 2256 ad
570 2215 666 2256 mores
681 2206 791 2258 natura
806 2199 934 2260 recurrit

172 2311 340 2383 damnatos,
353 2309 416 2370 fixa
429 2318 459 2369 et
473 2308 585 2368 mutari
599 2310 698 2368 nescia
751 2331 822 2371 nam
837 2311 904 2390 quis
1073 2312 1128 2373 240

171 2422 315 2502 peccandi
329 2422 419 2482 finem
434 2421 534 2500 posuit
548 2421 627 2482 sibi?
648 2424 769 2501 quaudo
785 2424 898 2504 recepit

170 2535 299 2616 ejectum
313 2533 404 2595 semel
418 2534 523 2595 attrita
537 2533 575 2594 de
592 2534 691 2595 fronto
705 2537 866 2598 ruborem?

171 2649 311 2729 quisnam
321 2648 477 2709 hominum
489 2657 542 2720 est,
553 2667 642 2728 quem
654 2657 687 2709 tu
700 2659 874 2711 contentum
884 2650 995 2712 videris
1004 2671 1066 2714 uuo

170 2763 307 2842 flagitio?
327 2761 413 2822 dabit
426 2763 458 2821 in
474 2762 616 2842 laqueum
632 2763 760 2842 vestigia
774 2773 875 2824 noster

170 2875 310 2956 perfidus,
325 2884 355 2935 et
369 2875 448 2954 nigri
463 2875 596 2954 patietur
610 2874 738 2935 carceris
752 2895 874 2947 uncum,
1070 2877 1128 2938 245

169 2998 223 3049 aut
237 2988 329 3048 maris
342 2987 458 3068 Aegaei
474 3008 579 3067 rupem
594 2988 790 3068 scopulosque
805 2988 975 3068 frequentes

169 3100 310 3163 exulibus
323 3101 450 3180 magnis.
492 3119 588 3179 poena
602 3099 748 3179 gaudebis
763 3120 867 3160 amara

168 3211 298 3274 nominis
311 3210 412 3284 invisi,
427 3209 610 3289 tandemque
625 3209 757 3270 fatebere
771 3208 867 3270 laetus

168 3344 223 3384 nec
236 3324 362 3385 surdum
376 3341 430 3382 nec
445 3321 580 3381 Tiresian
595 3340 777 3400 quemquam
791 3341 853 3381 esse
866 3321 999 3382 deorum.
