<?xml version="1.0" encoding="UTF-8"?>
<!DOCTYPE html PUBLIC "-//W3C//DTD XHTML 1.0 Transitional//EN"
    "http://www.w3.org/TR/xhtml1/DTD/xhtml1-transitional.dtd">
<html xmlns="http://www.w3.org/1999/xhtml" xml:lang="en" lang="en">
 <head>
  <title>
</title>
<meta http-equiv="Content-Type" content="text/html;charset=utf-8" />
  <meta name='ocr-system' content='tesseract 3.04.00' />
  <meta name='ocr-capabilities' content='ocr_page ocr_carea ocr_par ocr_line ocrx_word'/>
</head>
<body>
  <div class='ocr_page' id='page_1' title='image "./selectionsfroms01persgoog/selectionsfroms01persgoog_0050.png"; bbox 0 0 2536 3806; ppageno 0'>
   <div class='ocr_carea' id='block_1_1' title="bbox 479 220 765 269">
    <p class='ocr_par' dir='ltr' id='par_1_1' title="bbox 479 220 765 269">
     <span class='ocr_line' id='line_1_1' title="bbox 479 220 765 269; baseline 0 -1"><span class='ocrx_word' id='word_1_1' title='bbox 479 220 651 269; x_wconf 76' lang='lat' dir='ltr'><strong>SATVRA</strong></span> <span class='ocrx_word' id='word_1_2' title='bbox 680 221 765 268; x_wconf 83' lang='lat' dir='ltr'>VII.</span> 
     </span>
    </p>
   </div>
   <div class='ocr_carea' id='block_1_2' title="bbox 138 363 976 3050">
    <p class='ocr_par' dir='ltr' id='par_1_2' title="bbox 138 363 976 457">
     <span class='ocr_line' id='line_1_2' title="bbox 138 363 976 457; baseline 0.001 -21"><span class='ocrx_word' id='word_1_3' title='bbox 138 375 197 437; x_wconf 88' lang='lat' dir='ltr'>hoe</span> <span class='ocrx_word' id='word_1_4' title='bbox 212 377 303 456; x_wconf 87' lang='lat' dir='ltr'>agite,</span> <span class='ocrx_word' id='word_1_5' title='bbox 317 377 487 456; x_wconf 84' lang='lat' dir='ltr'>ojuven&#39;esl</span> <span class='ocrx_word' id='word_1_6' title='bbox 510 363 714 457; x_wconf 78' lang='lat' dir='ltr'>circumspicit</span> <span class='ocrx_word' id='word_1_7' title='bbox 728 385 758 438; x_wconf 91' lang='lat' dir='ltr'>et</span> <span class='ocrx_word' id='word_1_8' title='bbox 771 376 909 438; x_wconf 86' lang='lat' dir='ltr'>stimulat</span> <span class='ocrx_word' id='word_1_9' title='bbox 923 397 976 439; x_wconf 87' lang='lat' dir='ltr'>vos</span> 
     </span>
    </p>

    <p class='ocr_par' dir='ltr' id='par_1_3' title="bbox 140 489 876 568">
     <span class='ocr_line' id='line_1_3' title="bbox 140 489 876 568; baseline 0.001 -21"><span class='ocrx_word' id='word_1_10' title='bbox 140 489 360 567; x_wconf 81' lang='lat' dir='ltr'>materiamque</span> <span class='ocrx_word' id='word_1_11' title='bbox 373 489 431 550; x_wconf 91' lang='lat' dir='ltr'>sibi</span> <span class='ocrx_word' id='word_1_12' title='bbox 446 489 530 550; x_wconf 88' lang='lat' dir='ltr'>ducis</span> <span class='ocrx_word' id='word_1_13' title='bbox 545 489 736 568; x_wconf 76' lang='lat' dir='ltr'>indulgentia</span> <span class='ocrx_word' id='word_1_14' title='bbox 750 489 876 568; x_wconf 88' lang='lat' dir='ltr'>quaerit.</span> 
     </span>
    </p>

    <p class='ocr_par' dir='ltr' id='par_1_4' title="bbox 139 600 955 682">
     <span class='ocr_line' id='line_1_4' title="bbox 139 600 955 682; baseline 0.002 -22"><span class='ocrx_word' id='word_1_15' title='bbox 139 600 168 660; x_wconf 87' lang='lat' dir='ltr'>si</span> <span class='ocrx_word' id='word_1_16' title='bbox 180 620 242 679; x_wconf 91' lang='lat' dir='ltr'>qua</span> <span class='ocrx_word' id='word_1_17' title='bbox 256 601 381 661; x_wconf 81' lang='lat' dir='ltr'>aliunde</span> <span class='ocrx_word' id='word_1_18' title='bbox 394 611 484 680; x_wconf 86' lang='lat' dir='ltr'>putas</span> <span class='ocrx_word' id='word_1_19' title='bbox 498 622 600 662; x_wconf 88' lang='lat' dir='ltr'>rerum</span> <span class='ocrx_word' id='word_1_20' title='bbox 614 602 818 682; x_wconf 83' lang='lat' dir='ltr'>exspectanda</span> <span class='ocrx_word' id='word_1_21' title='bbox 831 610 955 662; x_wconf 87' lang='lat' dir='ltr'>tuarum</span> 
     </span>
    </p>

    <p class='ocr_par' dir='ltr' id='par_1_5' title="bbox 139 714 928 796">
     <span class='ocr_line' id='line_1_5' title="bbox 139 714 928 796; baseline 0.001 -23"><span class='ocrx_word' id='word_1_22' title='bbox 139 715 301 794; x_wconf 88' lang='lat' dir='ltr'>praesidia,</span> <span class='ocrx_word' id='word_1_23' title='bbox 316 725 407 796; x_wconf 90' lang='lat' dir='ltr'>atque</span> <span class='ocrx_word' id='word_1_24' title='bbox 421 715 488 776; x_wconf 90' lang='lat' dir='ltr'>ideo</span> <span class='ocrx_word' id='word_1_25' title='bbox 504 735 609 776; x_wconf 89' lang='lat' dir='ltr'>crocea</span> <span class='ocrx_word' id='word_1_26' title='bbox 623 715 798 776; x_wconf 86' lang='lat' dir='ltr'>membrana</span> <span class='ocrx_word' id='word_1_27' title='bbox 813 714 928 776; x_wconf 85' lang='lat' dir='ltr'>tabella</span> 
     </span>
    </p>

    <p class='ocr_par' dir='ltr' id='par_1_6' title="bbox 139 827 937 908">
     <span class='ocr_line' id='line_1_6' title="bbox 139 827 937 908; baseline 0.004 -21"><span class='ocrx_word' id='word_1_28' title='bbox 139 827 295 907; x_wconf 90' lang='lat' dir='ltr'>impletur,</span> <span class='ocrx_word' id='word_1_29' title='bbox 310 828 462 908; x_wconf 89' lang='lat' dir='ltr'>lignorum</span> <span class='ocrx_word' id='word_1_30' title='bbox 477 827 594 908; x_wconf 91' lang='lat' dir='ltr'>aliquid</span> <span class='ocrx_word' id='word_1_31' title='bbox 607 849 695 908; x_wconf 86' lang='lat' dir='ltr'>posce</span> <span class='ocrx_word' id='word_1_32' title='bbox 709 827 801 902; x_wconf 91' lang='lat' dir='ltr'>ocius,</span> <span class='ocrx_word' id='word_1_33' title='bbox 815 837 845 888; x_wconf 89' lang='lat' dir='ltr'>et</span> <span class='ocrx_word' id='word_1_34' title='bbox 859 848 937 908; x_wconf 86' lang='lat' dir='ltr'>quae</span> 
     </span>
    </p>

    <p class='ocr_par' dir='ltr' id='par_1_7' title="bbox 140 941 850 1020">
     <span class='ocr_line' id='line_1_7' title="bbox 140 941 850 1020; baseline 0.003 -20"><span class='ocrx_word' id='word_1_35' title='bbox 140 941 295 1020; x_wconf 88' lang='lat' dir='ltr'>componis</span> <span class='ocrx_word' id='word_1_36' title='bbox 310 943 391 1002; x_wconf 93' lang='lat' dir='ltr'>dona</span> <span class='ocrx_word' id='word_1_37' title='bbox 404 942 543 1014; x_wconf 87' lang='lat' dir='ltr'>Veneris,</span> <span class='ocrx_word' id='word_1_38' title='bbox 559 941 704 1014; x_wconf 82' lang='lat' dir='ltr'>Telesina,</span> <span class='ocrx_word' id='word_1_39' title='bbox 720 941 829 1002; x_wconf 89' lang='lat' dir='ltr'>marito</span> <span class='ocrx_word' id='word_1_40' title='bbox 842 963 850 1013; x_wconf 78' lang='lat'><em>3</em></span> 
     </span>
    </p>

    <p class='ocr_par' dir='ltr' id='par_1_8' title="bbox 140 1053 869 1135">
     <span class='ocr_line' id='line_1_8' title="bbox 140 1053 869 1135; baseline 0.001 -21"><span class='ocrx_word' id='word_1_41' title='bbox 140 1063 196 1114; x_wconf 88' lang='lat' dir='ltr'>aut</span> <span class='ocrx_word' id='word_1_42' title='bbox 209 1055 299 1116; x_wconf 87' lang='lat' dir='ltr'>clude</span> <span class='ocrx_word' id='word_1_43' title='bbox 313 1065 343 1116; x_wconf 88' lang='lat' dir='ltr'>et</span> <span class='ocrx_word' id='word_1_44' title='bbox 357 1056 467 1135; x_wconf 90' lang='lat' dir='ltr'>positos</span> <span class='ocrx_word' id='word_1_45' title='bbox 482 1056 564 1116; x_wconf 86' lang='lat' dir='ltr'>tinea</span> <span class='ocrx_word' id='word_1_46' title='bbox 578 1055 727 1134; x_wconf 89' lang='lat' dir='ltr'>pertunde</span> <span class='ocrx_word' id='word_1_47' title='bbox 741 1053 869 1116; x_wconf 90' lang='lat' dir='ltr'>libellos.</span> 
     </span>
    </p>

    <p class='ocr_par' dir='ltr' id='par_1_9' title="bbox 140 1167 918 1248">
     <span class='ocr_line' id='line_1_9' title="bbox 140 1167 918 1248; baseline 0.003 -22"><span class='ocrx_word' id='word_1_48' title='bbox 140 1168 248 1248; x_wconf 86' lang='lat' dir='ltr'>frange</span> <span class='ocrx_word' id='word_1_49' title='bbox 262 1169 352 1230; x_wconf 90' lang='lat' dir='ltr'>miser</span> <span class='ocrx_word' id='word_1_50' title='bbox 366 1169 498 1230; x_wconf 86' lang='lat' dir='ltr'>calamos</span> <span class='ocrx_word' id='word_1_51' title='bbox 511 1169 699 1248; x_wconf 82' lang='lat' dir='ltr'>vigilataque</span> <span class='ocrx_word' id='word_1_52' title='bbox 713 1167 829 1246; x_wconf 89' lang='lat' dir='ltr'>proelia</span> <span class='ocrx_word' id='word_1_53' title='bbox 842 1167 918 1240; x_wconf 90' lang='lat' dir='ltr'>dele,</span> 
     </span>
    </p>

    <p class='ocr_par' dir='ltr' id='par_1_10' title="bbox 140 1279 849 1361">
     <span class='ocr_line' id='line_1_10' title="bbox 140 1279 849 1361; baseline -0.001 -21"><span class='ocrx_word' id='word_1_54' title='bbox 140 1281 196 1360; x_wconf 90' lang='lat' dir='ltr'>qui</span> <span class='ocrx_word' id='word_1_55' title='bbox 209 1281 283 1342; x_wconf 86' lang='lat' dir='ltr'>facis</span> <span class='ocrx_word' id='word_1_56' title='bbox 297 1281 330 1341; x_wconf 93' lang='lat' dir='ltr'>in</span> <span class='ocrx_word' id='word_1_57' title='bbox 345 1302 441 1361; x_wconf 91' lang='lat' dir='ltr'>parva</span> <span class='ocrx_word' id='word_1_58' title='bbox 455 1282 599 1343; x_wconf 89' lang='lat' dir='ltr'>sublimia</span> <span class='ocrx_word' id='word_1_59' title='bbox 613 1281 748 1342; x_wconf 85' lang='lat' dir='ltr'>carmina</span> <span class='ocrx_word' id='word_1_60' title='bbox 763 1279 849 1352; x_wconf 89' lang='lat' dir='ltr'>cella,</span> 
     </span>
    </p>

    <p class='ocr_par' dir='ltr' id='par_1_11' title="bbox 140 1393 869 1474">
     <span class='ocr_line' id='line_1_11' title="bbox 140 1393 869 1474; baseline -0.003 -19"><span class='ocrx_word' id='word_1_61' title='bbox 140 1403 177 1456; x_wconf 90' lang='lat' dir='ltr'>ut</span> <span class='ocrx_word' id='word_1_62' title='bbox 191 1395 301 1474; x_wconf 90' lang='lat' dir='ltr'>dignus</span> <span class='ocrx_word' id='word_1_63' title='bbox 316 1395 420 1457; x_wconf 87' lang='lat' dir='ltr'>venias</span> <span class='ocrx_word' id='word_1_64' title='bbox 434 1395 552 1456; x_wconf 90' lang='lat' dir='ltr'>hederis</span> <span class='ocrx_word' id='word_1_65' title='bbox 567 1404 598 1456; x_wconf 91' lang='lat' dir='ltr'>et</span> <span class='ocrx_word' id='word_1_66' title='bbox 611 1393 744 1474; x_wconf 85' lang='lat' dir='ltr'>imagine</span> <span class='ocrx_word' id='word_1_67' title='bbox 758 1413 869 1454; x_wconf 86' lang='lat' dir='ltr'>macra.</span> 
     </span>
    </p>

    <p class='ocr_par' dir='ltr' id='par_1_12' title="bbox 141 1508 895 1589">
     <span class='ocr_line' id='line_1_12' title="bbox 141 1508 895 1589; baseline -0.005 -19"><span class='ocrx_word' id='word_1_68' title='bbox 141 1530 209 1589; x_wconf 88' lang='lat' dir='ltr'>spes</span> <span class='ocrx_word' id='word_1_69' title='bbox 223 1509 311 1569; x_wconf 88' lang='lat' dir='ltr'>nulla</span> <span class='ocrx_word' id='word_1_70' title='bbox 324 1509 467 1570; x_wconf 87' lang='lat' dir='ltr'>ulterior:</span> <span class='ocrx_word' id='word_1_71' title='bbox 489 1509 596 1570; x_wconf 79' lang='lat' dir='ltr'>didicit</span> <span class='ocrx_word' id='word_1_72' title='bbox 605 1509 671 1588; x_wconf 88' lang='lat' dir='ltr'>jam</span> <span class='ocrx_word' id='word_1_73' title='bbox 686 1508 771 1569; x_wconf 90' lang='lat' dir='ltr'>dives</span> <span class='ocrx_word' id='word_1_74' title='bbox 784 1526 895 1569; x_wconf 87' lang='lat' dir='ltr'>avarus</span> 
     </span>
    </p>

    <p class='ocr_par' dir='ltr' id='par_1_13' title="bbox 140 1620 857 1696">
     <span class='ocr_line' id='line_1_13' title="bbox 140 1620 857 1696; baseline -0.004 -13"><span class='ocrx_word' id='word_1_75' title='bbox 140 1632 264 1684; x_wconf 86' lang='lat' dir='ltr'>tantum</span> <span class='ocrx_word' id='word_1_76' title='bbox 278 1623 433 1696; x_wconf 89' lang='lat' dir='ltr'>admirari,</span> <span class='ocrx_word' id='word_1_77' title='bbox 448 1629 568 1682; x_wconf 90' lang='lat' dir='ltr'>tantum</span> <span class='ocrx_word' id='word_1_78' title='bbox 583 1621 709 1681; x_wconf 92' lang='lat' dir='ltr'>laudare</span> <span class='ocrx_word' id='word_1_79' title='bbox 723 1620 857 1693; x_wconf 86' lang='lat' dir='ltr'>disertos,</span> 
     </span>
    </p>

    <p class='ocr_par' dir='ltr' id='par_1_14' title="bbox 141 1735 845 1817">
     <span class='ocr_line' id='line_1_14' title="bbox 141 1735 845 1817; baseline -0.004 -20"><span class='ocrx_word' id='word_1_80' title='bbox 141 1746 177 1798; x_wconf 88' lang='lat' dir='ltr'>ut</span> <span class='ocrx_word' id='word_1_81' title='bbox 192 1737 278 1817; x_wconf 88' lang='lat' dir='ltr'>pueri</span> <span class='ocrx_word' id='word_1_82' title='bbox 291 1735 422 1798; x_wconf 77' lang='lat' dir='ltr'>lunonis</span> <span class='ocrx_word' id='word_1_83' title='bbox 437 1757 533 1799; x_wconf 86' lang='lat' dir='ltr'>avem.</span> <span class='ocrx_word' id='word_1_84' title='bbox 575 1735 626 1796; x_wconf 89' lang='lat' dir='ltr'>sed</span> <span class='ocrx_word' id='word_1_85' title='bbox 642 1735 748 1796; x_wconf 89' lang='lat' dir='ltr'>defluit</span> <span class='ocrx_word' id='word_1_86' title='bbox 763 1743 845 1794; x_wconf 87' lang='lat' dir='ltr'>aetas</span> 
     </span>
    </p>

    <p class='ocr_par' dir='ltr' id='par_1_15' title="bbox 141 1847 835 1928">
     <span class='ocr_line' id='line_1_15' title="bbox 141 1847 835 1928; baseline -0.003 -18"><span class='ocrx_word' id='word_1_87' title='bbox 141 1858 172 1910; x_wconf 88' lang='lat' dir='ltr'>et</span> <span class='ocrx_word' id='word_1_88' title='bbox 186 1848 287 1928; x_wconf 87' lang='lat' dir='ltr'>pelagi</span> <span class='ocrx_word' id='word_1_89' title='bbox 301 1848 418 1927; x_wconf 91' lang='lat' dir='ltr'>patiens</span> <span class='ocrx_word' id='word_1_90' title='bbox 432 1858 462 1910; x_wconf 88' lang='lat' dir='ltr'>et</span> <span class='ocrx_word' id='word_1_91' title='bbox 476 1848 598 1910; x_wconf 77' lang='lat' dir='ltr'>cassidis</span> <span class='ocrx_word' id='word_1_92' title='bbox 613 1857 704 1928; x_wconf 89' lang='lat' dir='ltr'>atque</span> <span class='ocrx_word' id='word_1_93' title='bbox 718 1847 835 1927; x_wconf 90' lang='lat' dir='ltr'>ligonis.</span> 
     </span>
    </p>

    <p class='ocr_par' dir='ltr' id='par_1_16' title="bbox 140 1960 964 2040">
     <span class='ocr_line' id='line_1_16' title="bbox 140 1960 964 2040; baseline -0.004 -17"><span class='ocrx_word' id='word_1_94' title='bbox 140 1961 244 2023; x_wconf 88' lang='lat' dir='ltr'>taedia</span> <span class='ocrx_word' id='word_1_95' title='bbox 258 1970 332 2021; x_wconf 87' lang='lat' dir='ltr'>tune</span> <span class='ocrx_word' id='word_1_96' title='bbox 345 1960 475 2021; x_wconf 89' lang='lat' dir='ltr'>subeunt</span> <span class='ocrx_word' id='word_1_97' title='bbox 489 1961 613 2034; x_wconf 91' lang='lat' dir='ltr'>animos,</span> <span class='ocrx_word' id='word_1_98' title='bbox 630 1970 702 2020; x_wconf 88' lang='lat' dir='ltr'>tune</span> <span class='ocrx_word' id='word_1_99' title='bbox 715 1980 806 2038; x_wconf 90' lang='lat' dir='ltr'>seque</span> <span class='ocrx_word' id='word_1_100' title='bbox 819 1980 964 2040; x_wconf 87' lang='lat' dir='ltr'>suamque</span> 
     </span>
    </p>

    <p class='ocr_par' dir='ltr' id='par_1_17' title="bbox 142 2073 964 2266">
     <span class='ocr_line' id='line_1_17' title="bbox 142 2073 882 2153; baseline 0 -19"><span class='ocrx_word' id='word_1_101' title='bbox 142 2073 360 2153; x_wconf 83' lang='lat' dir='ltr'>Terpsichoren</span> <span class='ocrx_word' id='word_1_102' title='bbox 374 2074 438 2134; x_wconf 86' lang='lat' dir='ltr'>odit</span> <span class='ocrx_word' id='word_1_103' title='bbox 452 2073 584 2134; x_wconf 85' lang='lat' dir='ltr'>facunda</span> <span class='ocrx_word' id='word_1_104' title='bbox 598 2083 628 2134; x_wconf 90' lang='lat' dir='ltr'>et</span> <span class='ocrx_word' id='word_1_105' title='bbox 641 2074 724 2133; x_wconf 90' lang='lat' dir='ltr'>nuda</span> <span class='ocrx_word' id='word_1_106' title='bbox 738 2084 882 2135; x_wconf 87' lang='lat' dir='ltr'>senectus.</span> 
     </span>
     <span class='ocr_line' id='line_1_18' title="bbox 182 2186 964 2266; baseline 0.003 -20"><span class='ocrx_word' id='word_1_107' title='bbox 182 2186 298 2266; x_wconf 82' lang='lat' dir='ltr'>Accipe</span> <span class='ocrx_word' id='word_1_108' title='bbox 313 2207 396 2247; x_wconf 91' lang='lat' dir='ltr'>nune</span> <span class='ocrx_word' id='word_1_109' title='bbox 410 2195 497 2248; x_wconf 76' lang='lat' dir='ltr'>artos.</span> <span class='ocrx_word' id='word_1_110' title='bbox 539 2206 577 2247; x_wconf 90' lang='lat' dir='ltr'>ne</span> <span class='ocrx_word' id='word_1_111' title='bbox 591 2187 665 2266; x_wconf 90' lang='lat' dir='ltr'>quid</span> <span class='ocrx_word' id='word_1_112' title='bbox 679 2186 736 2247; x_wconf 88' lang='lat' dir='ltr'>tibi</span> <span class='ocrx_word' id='word_1_113' title='bbox 751 2188 886 2248; x_wconf 85' lang='lat' dir='ltr'>conferat</span> <span class='ocrx_word' id='word_1_114' title='bbox 900 2187 964 2261; x_wconf 88' lang='lat' dir='ltr'>iste,</span> 
     </span>
    </p>

    <p class='ocr_par' dir='ltr' id='par_1_18' title="bbox 141 2299 968 2380">
     <span class='ocr_line' id='line_1_19' title="bbox 141 2299 968 2380; baseline 0.001 -20"><span class='ocrx_word' id='word_1_115' title='bbox 141 2320 231 2380; x_wconf 91' lang='lat' dir='ltr'>quem</span> <span class='ocrx_word' id='word_1_116' title='bbox 247 2300 319 2360; x_wconf 89' lang='lat' dir='ltr'>colis</span> <span class='ocrx_word' id='word_1_117' title='bbox 333 2309 363 2360; x_wconf 88' lang='lat' dir='ltr'>et</span> <span class='ocrx_word' id='word_1_118' title='bbox 377 2300 536 2360; x_wconf 85' lang='lat' dir='ltr'>Musarum</span> <span class='ocrx_word' id='word_1_119' title='bbox 551 2310 581 2360; x_wconf 91' lang='lat' dir='ltr'>et</span> <span class='ocrx_word' id='word_1_120' title='bbox 595 2299 750 2380; x_wconf 79' lang='lat' dir='ltr'>Apollinis</span> <span class='ocrx_word' id='word_1_121' title='bbox 765 2301 839 2362; x_wconf 90' lang='lat' dir='ltr'>aede</span> <span class='ocrx_word' id='word_1_122' title='bbox 853 2301 968 2374; x_wconf 89' lang='lat' dir='ltr'>relicta,</span> 
     </span>
    </p>

    <p class='ocr_par' dir='ltr' id='par_1_19' title="bbox 141 2409 827 2490">
     <span class='ocr_line' id='line_1_20' title="bbox 141 2409 827 2490; baseline 0.004 -20"><span class='ocrx_word' id='word_1_123' title='bbox 141 2413 205 2490; x_wconf 88' lang='lat' dir='ltr'>ipse</span> <span class='ocrx_word' id='word_1_124' title='bbox 219 2409 294 2470; x_wconf 87' lang='lat' dir='ltr'>facit</span> <span class='ocrx_word' id='word_1_125' title='bbox 307 2430 410 2471; x_wconf 85' lang='lat' dir='ltr'>versus</span> <span class='ocrx_word' id='word_1_126' title='bbox 424 2420 515 2489; x_wconf 87' lang='lat' dir='ltr'>atque</span> <span class='ocrx_word' id='word_1_127' title='bbox 529 2410 583 2469; x_wconf 92' lang='lat' dir='ltr'>uni</span> <span class='ocrx_word' id='word_1_128' title='bbox 598 2411 678 2470; x_wconf 89' lang='lat' dir='ltr'>cedit</span> <span class='ocrx_word' id='word_1_129' title='bbox 692 2411 827 2473; x_wconf 90' lang='lat' dir='ltr'>Homero</span> 
     </span>
    </p>

    <p class='ocr_par' dir='ltr' id='par_1_20' title="bbox 141 2521 865 2600">
     <span class='ocr_line' id='line_1_21' title="bbox 141 2521 865 2600; baseline 0.004 -19"><span class='ocrx_word' id='word_1_130' title='bbox 141 2531 265 2600; x_wconf 87' lang='lat' dir='ltr'>propter</span> <span class='ocrx_word' id='word_1_131' title='bbox 278 2521 363 2581; x_wconf 91' lang='lat' dir='ltr'>mille</span> <span class='ocrx_word' id='word_1_132' title='bbox 377 2541 488 2594; x_wconf 89' lang='lat' dir='ltr'>annos;</span> <span class='ocrx_word' id='word_1_133' title='bbox 509 2529 538 2581; x_wconf 91' lang='lat' dir='ltr'>et</span> <span class='ocrx_word' id='word_1_134' title='bbox 552 2521 577 2581; x_wconf 89' lang='lat' dir='ltr'>si</span> <span class='ocrx_word' id='word_1_135' title='bbox 592 2522 752 2583; x_wconf 90' lang='lat' dir='ltr'>dulcedine</span> <span class='ocrx_word' id='word_1_136' title='bbox 766 2523 865 2584; x_wconf 85' lang='lat' dir='ltr'>famae</span> 
     </span>
    </p>

    <p class='ocr_par' dir='ltr' id='par_1_21' title="bbox 141 2635 915 2708">
     <span class='ocr_line' id='line_1_22' title="bbox 141 2635 915 2708; baseline 0.005 -14"><span class='ocrx_word' id='word_1_137' title='bbox 141 2653 300 2694; x_wconf 87' lang='lat' dir='ltr'>succensus</span> <span class='ocrx_word' id='word_1_138' title='bbox 314 2635 428 2708; x_wconf 85' lang='lat' dir='ltr'>recites,</span> <span class='ocrx_word' id='word_1_139' title='bbox 443 2635 610 2696; x_wconf 87' lang='lat' dir='ltr'>maculosas</span> <span class='ocrx_word' id='word_1_140' title='bbox 625 2637 796 2698; x_wconf 87' lang='lat' dir='ltr'>commodat</span> <span class='ocrx_word' id='word_1_141' title='bbox 810 2637 915 2698; x_wconf 85' lang='lat' dir='ltr'>aedes:</span> 
     </span>
    </p>

    <p class='ocr_par' dir='ltr' id='par_1_22' title="bbox 140 2746 840 2828">
     <span class='ocr_line' id='line_1_23' title="bbox 140 2746 840 2828; baseline 0.006 -22"><span class='ocrx_word' id='word_1_142' title='bbox 140 2746 217 2807; x_wconf 90' lang='lat' dir='ltr'>haec</span> <span class='ocrx_word' id='word_1_143' title='bbox 231 2746 320 2825; x_wconf 90' lang='lat' dir='ltr'>longe</span> <span class='ocrx_word' id='word_1_144' title='bbox 334 2746 448 2806; x_wconf 85' lang='lat' dir='ltr'>ferrata</span> <span class='ocrx_word' id='word_1_145' title='bbox 462 2747 569 2807; x_wconf 90' lang='lat' dir='ltr'>domus</span> <span class='ocrx_word' id='word_1_146' title='bbox 583 2748 695 2810; x_wconf 90' lang='lat' dir='ltr'>servire</span> <span class='ocrx_word' id='word_1_147' title='bbox 705 2749 840 2828; x_wconf 86' lang='lat' dir='ltr'>jubetur,</span> 
     </span>
    </p>

    <p class='ocr_par' dir='ltr' id='par_1_23' title="bbox 141 2857 790 2940">
     <span class='ocr_line' id='line_1_24' title="bbox 141 2857 790 2940; baseline 0.008 -23"><span class='ocrx_word' id='word_1_148' title='bbox 141 2858 173 2917; x_wconf 92' lang='lat' dir='ltr'>in</span> <span class='ocrx_word' id='word_1_149' title='bbox 188 2878 249 2937; x_wconf 92' lang='lat' dir='ltr'>qua</span> <span class='ocrx_word' id='word_1_150' title='bbox 263 2857 408 2918; x_wconf 87' lang='lat' dir='ltr'>sollicitas</span> <span class='ocrx_word' id='word_1_151' title='bbox 421 2858 559 2919; x_wconf 84' lang='lat' dir='ltr'>imitatur</span> <span class='ocrx_word' id='word_1_152' title='bbox 567 2860 666 2939; x_wconf 88' lang='lat' dir='ltr'>janua</span> <span class='ocrx_word' id='word_1_153' title='bbox 679 2871 790 2940; x_wconf 85' lang='lat' dir='ltr'>portas.</span> 
     </span>
    </p>

    <p class='ocr_par' dir='ltr' id='par_1_24' title="bbox 141 2966 864 3050">
     <span class='ocr_line' id='line_1_25' title="bbox 141 2966 864 3050; baseline 0.004 -22"><span class='ocrx_word' id='word_1_154' title='bbox 141 2968 198 3029; x_wconf 87' lang='lat' dir='ltr'>scit</span> <span class='ocrx_word' id='word_1_155' title='bbox 212 2968 285 3028; x_wconf 89' lang='lat' dir='ltr'>dare</span> <span class='ocrx_word' id='word_1_156' title='bbox 299 2966 422 3028; x_wconf 89' lang='lat' dir='ltr'>libertos</span> <span class='ocrx_word' id='word_1_157' title='bbox 437 2978 574 3029; x_wconf 83' lang='lat' dir='ltr'>extrema</span> <span class='ocrx_word' id='word_1_158' title='bbox 588 2970 620 3029; x_wconf 93' lang='lat' dir='ltr'>in</span> <span class='ocrx_word' id='word_1_159' title='bbox 634 2980 721 3050; x_wconf 90' lang='lat' dir='ltr'>parte</span> <span class='ocrx_word' id='word_1_160' title='bbox 735 2970 864 3032; x_wconf 87' lang='lat' dir='ltr'>sedentis</span> 
     </span>
    </p>
   </div>
   <div class='ocr_carea' id='block_1_3' title="bbox 141 3080 891 3163">
    <p class='ocr_par' dir='ltr' id='par_1_25' title="bbox 141 3080 891 3163">
     <span class='ocr_line' id='line_1_26' title="bbox 141 3080 891 3163; baseline 0.004 -21"><span class='ocrx_word' id='word_1_161' title='bbox 141 3080 255 3142; x_wconf 87' lang='lat' dir='ltr'>ordinis</span> <span class='ocrx_word' id='word_1_162' title='bbox 270 3089 300 3142; x_wconf 90' lang='lat' dir='ltr'>et</span> <span class='ocrx_word' id='word_1_163' title='bbox 314 3101 439 3161; x_wconf 86' lang='lat' dir='ltr'>magnas</span> <span class='ocrx_word' id='word_1_164' title='bbox 454 3083 599 3143; x_wconf 89' lang='lat' dir='ltr'>comitum</span> <span class='ocrx_word' id='word_1_165' title='bbox 614 3084 772 3163; x_wconf 88' lang='lat' dir='ltr'>disponere</span> <span class='ocrx_word' id='word_1_166' title='bbox 786 3105 891 3157; x_wconf 80' lang='lat' dir='ltr'>voces3</span> 
     </span>
    </p>
   </div>
   <div class='ocr_carea' id='block_1_4' title="bbox 141 3193 991 3500">
    <p class='ocr_par' dir='ltr' id='par_1_26' title="bbox 141 3193 991 3500">
     <span class='ocr_line' id='line_1_27' title="bbox 141 3193 882 3275; baseline 0.008 -22"><span class='ocrx_word' id='word_1_167' title='bbox 141 3215 229 3254; x_wconf 90' lang='lat' dir='ltr'>nemo</span> <span class='ocrx_word' id='word_1_168' title='bbox 244 3193 330 3254; x_wconf 88' lang='lat' dir='ltr'>dabit</span> <span class='ocrx_word' id='word_1_169' title='bbox 344 3215 449 3273; x_wconf 90' lang='lat' dir='ltr'>regum</span> <span class='ocrx_word' id='word_1_170' title='bbox 465 3196 571 3275; x_wconf 87' lang='lat' dir='ltr'>quanti</span> <span class='ocrx_word' id='word_1_171' title='bbox 585 3197 729 3258; x_wconf 89' lang='lat' dir='ltr'>subsellia</span> <span class='ocrx_word' id='word_1_172' title='bbox 743 3207 882 3259; x_wconf 88' lang='lat' dir='ltr'>constant</span> 
     </span>
     <span class='ocr_line' id='line_1_28' title="bbox 142 3307 869 3390; baseline 0.006 -22"><span class='ocrx_word' id='word_1_173' title='bbox 142 3317 172 3368; x_wconf 90' lang='lat' dir='ltr'>et</span> <span class='ocrx_word' id='word_1_174' title='bbox 186 3327 263 3387; x_wconf 90' lang='lat' dir='ltr'>quae</span> <span class='ocrx_word' id='word_1_175' title='bbox 277 3307 425 3368; x_wconf 92' lang='lat' dir='ltr'>conducto</span> <span class='ocrx_word' id='word_1_176' title='bbox 439 3309 572 3387; x_wconf 87' lang='lat' dir='ltr'>pendent</span> <span class='ocrx_word' id='word_1_177' title='bbox 586 3309 756 3370; x_wconf 87' lang='lat' dir='ltr'>anabathra</span> <span class='ocrx_word' id='word_1_178' title='bbox 770 3311 869 3390; x_wconf 85' lang='lat' dir='ltr'>tigillo</span> 
     </span>
     <span class='ocr_line' id='line_1_29' title="bbox 143 3419 991 3500; baseline 0.004 -20"><span class='ocrx_word' id='word_1_179' title='bbox 143 3440 278 3500; x_wconf 87' lang='lat' dir='ltr'>quaeque</span> <span class='ocrx_word' id='word_1_180' title='bbox 292 3419 481 3500; x_wconf 88' lang='lat' dir='ltr'>reportandis</span> <span class='ocrx_word' id='word_1_181' title='bbox 495 3421 592 3500; x_wconf 87' lang='lat' dir='ltr'>posita</span> <span class='ocrx_word' id='word_1_182' title='bbox 606 3430 650 3483; x_wconf 88' lang='lat' dir='ltr'>est</span> <span class='ocrx_word' id='word_1_183' title='bbox 664 3422 817 3484; x_wconf 88' lang='lat' dir='ltr'>orchestra</span> <span class='ocrx_word' id='word_1_184' title='bbox 831 3421 991 3484; x_wconf 87' lang='lat' dir='ltr'>cathedris.</span> 
     </span>
    </p>
   </div>
   <div class='ocr_carea' id='block_1_5' title="bbox 1062 202 1108 436">
    <p class='ocr_par' dir='ltr' id='par_1_27' title="bbox 1062 202 1108 436">
     <span class='ocr_line' id='line_1_30' title="bbox 1062 202 1108 266; baseline 0.022 -1"><span class='ocrx_word' id='word_1_185' title='bbox 1062 202 1108 266; x_wconf 91' lang='lat'>43</span> 
     </span>
     <span class='ocr_line' id='line_1_31' title="bbox 1069 377 1107 436; baseline 0 0"><span class='ocrx_word' id='word_1_186' title='bbox 1069 377 1107 436; x_wconf 84' lang='lat'>20</span> 
     </span>
    </p>
   </div>
   <div class='ocr_carea' id='block_1_6' title="bbox 0 0 1277 3806">
    <p class='ocr_par' dir='ltr' id='par_1_28' title="bbox 0 0 1277 3806">
     <span class='ocr_line' id='line_1_32' title="bbox 0 0 1277 3806; baseline 0 0"><span class='ocrx_word' id='word_1_187' title='bbox 0 0 1277 3806; x_wconf 95' lang='lat' dir='ltr'> </span> 
     </span>
    </p>
   </div>
  </div>
 </body>
</html>
