2536 3806
495 203 668 277 servan
697 231 759 277 1v.

146 384 306 445 consilium
322 385 414 446 laudo
429 385 561 460 artificis,
576 387 601 446 si
616 407 741 446 munere
755 394 840 446 tanto

144 502 343 581 praecipuam
357 503 389 561 in
404 501 516 562 tabulis
531 523 631 562 ceram
645 503 723 562 senis
737 500 864 562 abstulit
877 498 960 572 orbi;

145 625 192 676 est
207 616 284 676 ratio
300 615 436 690 ulterior,
451 636 581 696 magnae
594 617 619 676 si
633 617 715 677 misit
729 616 853 689 amicae,

146 750 225 809 quae
240 730 361 791 vehitur
376 729 459 791 cluso
473 730 543 790 latis
557 728 765 808 specularibus
780 737 876 789 antro.

146 841 192 900 nil
207 841 268 902 tale
283 851 444 921 exspectes,
460 843 533 902 emit
546 841 612 903 sibi
654 841 753 902 multa
766 842 913 914 videmus,

146 972 226 1031 quae
240 953 329 1013 miser
343 961 373 1013 et
387 952 469 1032 frugi
482 973 544 1013 non
559 953 630 1014 lecit
644 952 781 1032 Apicius.
823 952 880 1012 hoo
893 960 938 1025 tu,

146 1066 316 1126 succinctus
330 1067 431 1146 patria
444 1066 606 1146 quondam,
621 1066 767 1146 Crispine,
782 1086 908 1145 papyro,

146 1179 205 1238 boc
219 1179 315 1258 pretio
330 1180 510 1258 squamam?
530 1180 631 1260 potuit
645 1180 770 1239 fortasse
783 1178 908 1238 minoris

146 1291 279 1370 piscator
292 1312 384 1371 quam
398 1291 488 1371 piscis
503 1290 579 1364 emi;
601 1290 758 1371 provincia
772 1289 852 1350 tanti

146 1404 253 1466 vendit
267 1425 362 1484 agros,
376 1403 428 1464 sed
441 1404 568 1484 majores
583 1404 700 1483 Apulia
713 1403 826 1465 vendit.

146 1507 252 1600 quales
265 1527 339 1579 tunc
353 1517 459 1597 epulas
473 1517 573 1598 ipsum
587 1517 726 1597 gluttisse
740 1525 884 1596 putamus

145 1633 401 1711 induperatorem,
416 1651 486 1692 cum
500 1639 546 1691 tot
559 1631 705 1704 sestertia,
720 1638 838 1710 partem

146 1745 291 1824 exiguam
305 1752 335 1804 et
349 1743 484 1804 modicae
498 1752 651 1822 sumptam
667 1743 704 1804 de
719 1743 857 1822 margine
870 1762 971 1816 cenae,

146 1877 316 1936 purpureus
330 1856 434 1935 magni
448 1854 577 1916 ructarit
589 1876 693 1916 scurra
708 1855 819 1929 Palati,

32 1971 34 1976 ’
150 1971 217 2049 jam
230 1969 370 2048 princeps
384 1969 529 2048 equitum,
544 1989 656 2047 magna
670 1968 724 2048 qui
736 1989 810 2031 voce
823 1968 940 2056 solebat

146 2082 278 2144 vendere
291 2081 457 2159 municipes
471 2079 569 2140 fracta
583 2081 620 2141 de
634 2101 732 2141 merce
745 2081 874 2140 siluros?

146 2196 256 2276 incipe,
270 2195 423 2274 Calliope!
445 2195 516 2255 licet
530 2204 560 2255 et
574 2194 743 2255 considere:
763 2214 825 2254 non
839 2202 884 2255 est

35 2343 37 2350 ,
147 2308 342 2380 cantandum,
356 2329 403 2368 res
418 2328 490 2368 vera
505 2308 613 2387 agitur.
655 2316 785 2380 narrate,
800 2307 921 2386 puellae

148 2422 300 2484 Pierides!
322 2421 417 2500 prosit
431 2421 507 2480 mibi
521 2442 574 2482 vos
588 2421 699 2481 dixisse
712 2420 839 2500 puellas.

189 2647 267 2709 Cum
276 2647 342 2727 jam
356 2645 566 2706 semianimum
581 2644 728 2707 laceraret
742 2646 870 2708 Flavius
884 2645 986 2706 orbem

149 2762 273 2822 ultimus
287 2769 317 2820 et
332 2759 419 2822 calvo
434 2758 560 2820 serviret
575 2759 674 2819 Roma
689 2759 815 2831 Neroni,

148 2873 255 2934 incidit
268 2872 396 2933 Adriaci
410 2871 543 2950 spatium
558 2871 739 2932 admirabile
753 2871 873 2932 rhombi

149 2995 218 3046 ante
233 2985 355 3045 domum
370 2984 508 3056 Veneris,
523 3004 615 3062 quam
630 2983 744 3043 Dorica
758 2985 884 3044 sustinet
897 2983 1018 3058 Ancon,
1067 2985 1108 3044 40

100 3159 102 3164 ,
148 3096 346 3176 implevitque
360 3095 459 3167 sinus3
480 3115 535 3156 nee
550 3096 630 3155 enim
644 3096 743 3156 minor
757 3095 893 3156 haeserat
907 3094 978 3168 illis,

149 3233 221 3292 quos
235 3211 333 3291 operit
346 3211 458 3291 glacies
472 3209 624 3270 Maeotica
638 3220 789 3289 ruptaque
802 3208 924 3269 tandem

149 3326 260 3388 solibus
274 3325 402 3386 effundit
415 3325 556 3385 torrentis
571 3325 611 3384 ad
624 3324 701 3384 ostia
715 3323 815 3398 Ponti,

149 3439 263 3501 desidia
276 3437 379 3498 tardos
393 3445 423 3498 et
436 3436 527 3517 longo
541 3436 653 3517 frigore
666 3437 800 3518 pingues.
