<?xml version="1.0" encoding="UTF-8"?>
<!DOCTYPE html PUBLIC "-//W3C//DTD XHTML 1.0 Transitional//EN"
    "http://www.w3.org/TR/xhtml1/DTD/xhtml1-transitional.dtd">
<html xmlns="http://www.w3.org/1999/xhtml" xml:lang="en" lang="en">
 <head>
  <title>
</title>
<meta http-equiv="Content-Type" content="text/html;charset=utf-8" />
  <meta name='ocr-system' content='tesseract 3.04.00' />
  <meta name='ocr-capabilities' content='ocr_page ocr_carea ocr_par ocr_line ocrx_word'/>
</head>
<body>
  <div class='ocr_page' id='page_1' title='image "./selectionsfroms01persgoog/selectionsfroms01persgoog_0089.png"; bbox 0 0 2536 3806; ppageno 0'>
   <div class='ocr_carea' id='block_1_1' title="bbox 174 229 878 296">
    <p class='ocr_par' dir='ltr' id='par_1_1' title="bbox 174 229 878 296">
     <span class='ocr_line' id='line_1_1' title="bbox 174 229 878 296; baseline -0.004 -2"><span class='ocrx_word' id='word_1_1' title='bbox 174 229 216 294; x_wconf 80' lang='lat'>82</span> <span class='ocrx_word' id='word_1_2' title='bbox 421 248 600 295; x_wconf 82' lang='lat' dir='ltr'>n.1vn11</span> <span class='ocrx_word' id='word_1_3' title='bbox 629 245 878 296; x_wconf 69' lang='lat' dir='ltr'>1vverrnn1s</span> 
     </span>
    </p>
   </div>
   <div class='ocr_carea' id='block_1_2' title="bbox 173 402 1139 1503">
    <p class='ocr_par' dir='ltr' id='par_1_2' title="bbox 173 402 1138 595">
     <span class='ocr_line' id='line_1_2' title="bbox 173 402 1138 482; baseline 0.001 -19"><span class='ocrx_word' id='word_1_4' title='bbox 173 404 199 463; x_wconf 89' lang='lat' dir='ltr'>si</span> <span class='ocrx_word' id='word_1_5' title='bbox 215 402 337 482; x_wconf 88' lang='lat' dir='ltr'>juvenis</span> <span class='ocrx_word' id='word_1_6' title='bbox 351 403 454 464; x_wconf 90' lang='lat' dir='ltr'>vetulo</span> <span class='ocrx_word' id='word_1_7' title='bbox 468 423 530 465; x_wconf 91' lang='lat' dir='ltr'>non</span> <span class='ocrx_word' id='word_1_8' title='bbox 544 413 750 464; x_wconf 83' lang='lat' dir='ltr'><strong>assurrexerat</strong></span> <span class='ocrx_word' id='word_1_9' title='bbox 765 413 795 463; x_wconf 92' lang='lat' dir='ltr'>et</span> <span class='ocrx_word' id='word_1_10' title='bbox 808 403 833 463; x_wconf 91' lang='lat' dir='ltr'>si</span> <span class='ocrx_word' id='word_1_11' title='bbox 1100 404 1138 464; x_wconf 82' lang='lat'>55</span> 
     </span>
     <span class='ocr_line' id='line_1_3' title="bbox 174 515 888 595; baseline 0.001 -19"><span class='ocrx_word' id='word_1_12' title='bbox 174 515 301 576; x_wconf 88' lang='lat' dir='ltr'>barbato</span> <span class='ocrx_word' id='word_1_13' title='bbox 316 515 495 594; x_wconf 89' lang='lat' dir='ltr'>cuicumque</span> <span class='ocrx_word' id='word_1_14' title='bbox 509 536 593 595; x_wconf 89' lang='lat' dir='ltr'>puer,</span> <span class='ocrx_word' id='word_1_15' title='bbox 608 515 680 577; x_wconf 89' lang='lat' dir='ltr'>licet</span> <span class='ocrx_word' id='word_1_16' title='bbox 693 516 757 594; x_wconf 90' lang='lat' dir='ltr'>ipse</span> <span class='ocrx_word' id='word_1_17' title='bbox 771 515 888 578; x_wconf 89' lang='lat' dir='ltr'>videret</span> 
     </span>
    </p>

    <p class='ocr_par' dir='ltr' id='par_1_3' title="bbox 173 629 928 709">
     <span class='ocr_line' id='line_1_4' title="bbox 173 629 928 709; baseline 0.003 -21"><span class='ocrx_word' id='word_1_18' title='bbox 173 629 264 709; x_wconf 88' lang='lat' dir='ltr'>plura</span> <span class='ocrx_word' id='word_1_19' title='bbox 278 629 359 690; x_wconf 86' lang='lat' dir='ltr'>domi</span> <span class='ocrx_word' id='word_1_20' title='bbox 374 629 462 708; x_wconf 81' lang='lat' dir='ltr'>fraga</span> <span class='ocrx_word' id='word_1_21' title='bbox 477 641 508 692; x_wconf 87' lang='lat' dir='ltr'>et</span> <span class='ocrx_word' id='word_1_22' title='bbox 521 631 648 709; x_wconf 85' lang='lat' dir='ltr'>majores</span> <span class='ocrx_word' id='word_1_23' title='bbox 662 630 783 709; x_wconf 88' lang='lat' dir='ltr'>glandis</span> <span class='ocrx_word' id='word_1_24' title='bbox 797 642 928 691; x_wconf 85' lang='lat' dir='ltr'>acervos.</span> 
     </span>
    </p>

    <p class='ocr_par' dir='ltr' id='par_1_4' title="bbox 174 741 967 934">
     <span class='ocr_line' id='line_1_5' title="bbox 174 741 967 821; baseline -0.003 -18"><span class='ocrx_word' id='word_1_25' title='bbox 174 752 236 803; x_wconf 88' lang='lat' dir='ltr'>tam</span> <span class='ocrx_word' id='word_1_26' title='bbox 252 743 425 805; x_wconf 88' lang='lat' dir='ltr'>venerabile</span> <span class='ocrx_word' id='word_1_27' title='bbox 439 751 505 804; x_wconf 87' lang='lat' dir='ltr'>erat</span> <span class='ocrx_word' id='word_1_28' title='bbox 519 743 697 821; x_wconf 87' lang='lat' dir='ltr'>praecedere</span> <span class='ocrx_word' id='word_1_29' title='bbox 713 753 857 821; x_wconf 87' lang='lat' dir='ltr'>quattuor</span> <span class='ocrx_word' id='word_1_30' title='bbox 870 741 967 816; x_wconf 89' lang='lat' dir='ltr'>annis,</span> 
     </span>
     <span class='ocr_line' id='line_1_6' title="bbox 176 855 894 934; baseline 0.004 -21"><span class='ocrx_word' id='word_1_31' title='bbox 176 856 333 934; x_wconf 88' lang='lat' dir='ltr'>primaque</span> <span class='ocrx_word' id='word_1_32' title='bbox 347 875 403 934; x_wconf 89' lang='lat' dir='ltr'>par</span> <span class='ocrx_word' id='word_1_33' title='bbox 417 855 493 918; x_wconf 89' lang='lat' dir='ltr'>adeo</span> <span class='ocrx_word' id='word_1_34' title='bbox 506 875 610 917; x_wconf 88' lang='lat' dir='ltr'>sacras</span> <span class='ocrx_word' id='word_1_35' title='bbox 623 855 737 934; x_wconf 82' lang='lat' dir='ltr'>lanugo</span> <span class='ocrx_word' id='word_1_36' title='bbox 750 866 894 916; x_wconf 72' lang='lat' dir='ltr'>senectae.</span> 
     </span>
    </p>

    <p class='ocr_par' dir='ltr' id='par_1_5' title="bbox 175 968 1139 1161">
     <span class='ocr_line' id='line_1_7' title="bbox 175 968 1139 1048; baseline 0.004 -22"><span class='ocrx_word' id='word_1_37' title='bbox 175 988 266 1041; x_wconf 90' lang='lat' dir='ltr'>nunc,</span> <span class='ocrx_word' id='word_1_38' title='bbox 281 968 306 1029; x_wconf 86' lang='lat' dir='ltr'>si</span> <span class='ocrx_word' id='word_1_39' title='bbox 320 969 489 1048; x_wconf 90' lang='lat' dir='ltr'>depositum</span> <span class='ocrx_word' id='word_1_40' title='bbox 504 989 565 1031; x_wconf 91' lang='lat' dir='ltr'>non</span> <span class='ocrx_word' id='word_1_41' title='bbox 580 968 727 1031; x_wconf 88' lang='lat' dir='ltr'>infitietur</span> <span class='ocrx_word' id='word_1_42' title='bbox 741 969 865 1042; x_wconf 80' lang='lat' dir='ltr'>amicae,</span> <span class='ocrx_word' id='word_1_43' title='bbox 1100 969 1139 1030; x_wconf 88' lang='grc'>60</span> 
     </span>
     <span class='ocr_line' id='line_1_8' title="bbox 175 1082 916 1161; baseline 0.001 -20"><span class='ocrx_word' id='word_1_44' title='bbox 175 1082 200 1141; x_wconf 87' lang='lat' dir='ltr'>si</span> <span class='ocrx_word' id='word_1_45' title='bbox 214 1082 322 1143; x_wconf 85' lang='lat' dir='ltr'>reddat</span> <span class='ocrx_word' id='word_1_46' title='bbox 335 1092 466 1145; x_wconf 88' lang='lat' dir='ltr'>veterem</span> <span class='ocrx_word' id='word_1_47' title='bbox 481 1103 551 1144; x_wconf 89' lang='lat' dir='ltr'>curn</span> <span class='ocrx_word' id='word_1_48' title='bbox 565 1092 630 1146; x_wconf 84' lang='lat' dir='ltr'>tota</span> <span class='ocrx_word' id='word_1_49' title='bbox 644 1082 788 1161; x_wconf 75' lang='lat' dir='ltr'>aerugine</span> <span class='ocrx_word' id='word_1_50' title='bbox 802 1082 916 1155; x_wconf 83' lang='lat' dir='ltr'>follem,</span> 
     </span>
    </p>

    <p class='ocr_par' dir='ltr' id='par_1_6' title="bbox 175 1195 836 1276">
     <span class='ocr_line' id='line_1_9' title="bbox 175 1195 836 1276; baseline 0 -21"><span class='ocrx_word' id='word_1_51' title='bbox 175 1197 346 1276; x_wconf 84' lang='lat' dir='ltr'>prodigiosa</span> <span class='ocrx_word' id='word_1_52' title='bbox 359 1196 433 1260; x_wconf 81' lang='lat' dir='ltr'>fides</span> <span class='ocrx_word' id='word_1_53' title='bbox 447 1207 477 1256; x_wconf 92' lang='lat' dir='ltr'>et</span> <span class='ocrx_word' id='word_1_54' title='bbox 490 1195 595 1256; x_wconf 87' lang='lat' dir='ltr'>Tuscis</span> <span class='ocrx_word' id='word_1_55' title='bbox 608 1197 702 1276; x_wconf 84' lang='lat' dir='ltr'>digna</span> <span class='ocrx_word' id='word_1_56' title='bbox 715 1195 836 1269; x_wconf 81' lang='lat' dir='ltr'>libellis,</span> 
     </span>
    </p>

    <p class='ocr_par' dir='ltr' id='par_1_7' title="bbox 176 1309 830 1390">
     <span class='ocr_line' id='line_1_10' title="bbox 176 1309 830 1390; baseline 0 -20"><span class='ocrx_word' id='word_1_57' title='bbox 176 1330 312 1390; x_wconf 89' lang='lat' dir='ltr'>quaeque</span> <span class='ocrx_word' id='word_1_58' title='bbox 326 1320 469 1374; x_wconf 87' lang='lat' dir='ltr'>coronata</span> <span class='ocrx_word' id='word_1_59' title='bbox 483 1310 606 1370; x_wconf 88' lang='lat' dir='ltr'>lustrari</span> <span class='ocrx_word' id='word_1_60' title='bbox 620 1309 728 1371; x_wconf 85' lang='lat' dir='ltr'>debeat</span> <span class='ocrx_word' id='word_1_61' title='bbox 742 1329 830 1387; x_wconf 82' lang='lat' dir='ltr'>agna</span> 
     </span>
    </p>

    <p class='ocr_par' dir='ltr' id='par_1_8' title="bbox 175 1420 986 1503">
     <span class='ocr_line' id='line_1_11' title="bbox 175 1420 986 1503; baseline 0 -19"><span class='ocrx_word' id='word_1_62' title='bbox 175 1424 328 1503; x_wconf 88' lang='lat' dir='ltr'>egregium</span> <span class='ocrx_word' id='word_1_63' title='bbox 344 1434 540 1502; x_wconf 87' lang='lat' dir='ltr'>sanctumque</span> <span class='ocrx_word' id='word_1_64' title='bbox 553 1423 655 1484; x_wconf 87' lang='lat' dir='ltr'>virum</span> <span class='ocrx_word' id='word_1_65' title='bbox 668 1423 693 1483; x_wconf 85' lang='lat' dir='ltr'>si</span> <span class='ocrx_word' id='word_1_66' title='bbox 709 1442 808 1495; x_wconf 87' lang='lat' dir='ltr'>cerno,</span> <span class='ocrx_word' id='word_1_67' title='bbox 824 1420 986 1484; x_wconf 84' lang='lat' dir='ltr'>bimembri</span> 
     </span>
    </p>
   </div>
   <div class='ocr_carea' id='block_1_3' title="bbox 176 1529 1190 1614">
    <p class='ocr_par' dir='ltr' id='par_1_9' title="bbox 176 1529 1190 1614">
     <span class='ocr_line' id='line_1_12' title="bbox 176 1529 1190 1614; baseline 0 -18"><span class='ocrx_word' id='word_1_68' title='bbox 176 1537 233 1598; x_wconf 91' lang='lat' dir='ltr'>hoc</span> <span class='ocrx_word' id='word_1_69' title='bbox 247 1546 414 1597; x_wconf 87' lang='lat' dir='ltr'>monstrum</span> <span class='ocrx_word' id='word_1_70' title='bbox 428 1555 522 1614; x_wconf 88' lang='lat' dir='ltr'>puero</span> <span class='ocrx_word' id='word_1_71' title='bbox 537 1534 585 1596; x_wconf 87' lang='lat' dir='ltr'>vel</span> <span class='ocrx_word' id='word_1_72' title='bbox 600 1535 724 1596; x_wconf 87' lang='lat' dir='ltr'>miranti</span> <span class='ocrx_word' id='word_1_73' title='bbox 738 1533 794 1596; x_wconf 91' lang='lat' dir='ltr'>sub</span> <span class='ocrx_word' id='word_1_74' title='bbox 809 1543 912 1597; x_wconf 85' lang='lat' dir='ltr'>aratro</span> <span class='ocrx_word' id='word_1_75' title='bbox 1100 1535 1140 1596; x_wconf 85' lang='lat'>65</span> <span class='ocrx_word' id='word_1_76' title='bbox 1187 1529 1190 1534; x_wconf 33' lang='lat'><em>ยน</em></span> 
     </span>
    </p>
   </div>
   <div class='ocr_carea' id='block_1_4' title="bbox 148 1649 1138 3576">
    <p class='ocr_par' dir='ltr' id='par_1_10' title="bbox 175 1649 859 1733">
     <span class='ocr_line' id='line_1_13' title="bbox 175 1649 859 1733; baseline -0.004 -21"><span class='ocrx_word' id='word_1_77' title='bbox 175 1651 308 1733; x_wconf 88' lang='lat' dir='ltr'>piscibus</span> <span class='ocrx_word' id='word_1_78' title='bbox 321 1651 451 1712; x_wconf 89' lang='lat' dir='ltr'>inventis</span> <span class='ocrx_word' id='word_1_79' title='bbox 466 1659 496 1711; x_wconf 91' lang='lat' dir='ltr'>et</span> <span class='ocrx_word' id='word_1_80' title='bbox 511 1649 590 1710; x_wconf 84' lang='lat' dir='ltr'>fetae</span> <span class='ocrx_word' id='word_1_81' title='bbox 604 1670 735 1729; x_wconf 86' lang='lat' dir='ltr'>conpare</span> <span class='ocrx_word' id='word_1_82' title='bbox 749 1649 859 1722; x_wconf 89' lang='lat' dir='ltr'>mulae,</span> 
     </span>
    </p>

    <p class='ocr_par' dir='ltr' id='par_1_11' title="bbox 175 1763 898 1843">
     <span class='ocr_line' id='line_1_14' title="bbox 175 1763 898 1843; baseline -0.006 -17"><span class='ocrx_word' id='word_1_83' title='bbox 175 1766 331 1838; x_wconf 88' lang='lat' dir='ltr'>sollicitus,</span> <span class='ocrx_word' id='word_1_84' title='bbox 345 1774 501 1843; x_wconf 91' lang='lat' dir='ltr'>tamquam</span> <span class='ocrx_word' id='word_1_85' title='bbox 517 1763 633 1842; x_wconf 89' lang='lat' dir='ltr'>lapides</span> <span class='ocrx_word' id='word_1_86' title='bbox 647 1763 787 1838; x_wconf 85' lang='lat' dir='ltr'>effuderit</span> <span class='ocrx_word' id='word_1_87' title='bbox 800 1763 898 1824; x_wconf 86' lang='lat' dir='ltr'>imber</span> 
     </span>
    </p>

    <p class='ocr_par' dir='ltr' id='par_1_12' title="bbox 176 1876 842 1959">
     <span class='ocr_line' id='line_1_15' title="bbox 176 1876 842 1959; baseline -0.005 -18"><span class='ocrx_word' id='word_1_88' title='bbox 176 1899 362 1959; x_wconf 81' lang='lat' dir='ltr'>examenque</span> <span class='ocrx_word' id='word_1_89' title='bbox 376 1877 480 1957; x_wconf 86' lang='lat' dir='ltr'>apium</span> <span class='ocrx_word' id='word_1_90' title='bbox 494 1877 586 1956; x_wconf 87' lang='lat' dir='ltr'>longa</span> <span class='ocrx_word' id='word_1_91' title='bbox 600 1876 766 1938; x_wconf 85' lang='lat' dir='ltr'>consederit</span> <span class='ocrx_word' id='word_1_92' title='bbox 779 1897 842 1938; x_wconf 87' lang='lat' dir='ltr'>uva</span> 
     </span>
    </p>

    <p class='ocr_par' dir='ltr' id='par_1_13' title="bbox 176 1989 1016 2069">
     <span class='ocr_line' id='line_1_16' title="bbox 176 1989 1016 2069; baseline -0.002 -15"><span class='ocrx_word' id='word_1_93' title='bbox 176 1993 307 2056; x_wconf 87' lang='lat' dir='ltr'>culmine</span> <span class='ocrx_word' id='word_1_94' title='bbox 321 1991 450 2063; x_wconf 91' lang='lat' dir='ltr'>delubri,</span> <span class='ocrx_word' id='word_1_95' title='bbox 464 1999 618 2069; x_wconf 77' lang='lat' dir='ltr'>tamquam</span> <span class='ocrx_word' id='word_1_96' title='bbox 634 1990 665 2049; x_wconf 90' lang='lat' dir='ltr'>in</span> <span class='ocrx_word' id='word_1_97' title='bbox 680 2010 763 2050; x_wconf 91' lang='lat' dir='ltr'>mare</span> <span class='ocrx_word' id='word_1_98' title='bbox 777 1989 901 2051; x_wconf 82' lang='lat' dir='ltr'>fluxerit</span> <span class='ocrx_word' id='word_1_99' title='bbox 916 1992 1016 2053; x_wconf 87' lang='lat' dir='ltr'>amnis</span> 
     </span>
    </p>

    <p class='ocr_par' dir='ltr' id='par_1_14' title="bbox 175 2101 1138 2296">
     <span class='ocr_line' id='line_1_17' title="bbox 175 2101 1138 2185; baseline -0.004 -20"><span class='ocrx_word' id='word_1_100' title='bbox 175 2103 345 2185; x_wconf 80' lang='lat' dir='ltr'>gurgitibus</span> <span class='ocrx_word' id='word_1_101' title='bbox 360 2103 443 2162; x_wconf 89' lang='lat' dir='ltr'>miris</span> <span class='ocrx_word' id='word_1_102' title='bbox 457 2110 487 2162; x_wconf 90' lang='lat' dir='ltr'>et</span> <span class='ocrx_word' id='word_1_103' title='bbox 501 2101 589 2162; x_wconf 87' lang='lat' dir='ltr'>lactis</span> <span class='ocrx_word' id='word_1_104' title='bbox 603 2101 717 2163; x_wconf 87' lang='lat' dir='ltr'>vertice</span> <span class='ocrx_word' id='word_1_105' title='bbox 730 2111 853 2162; x_wconf 89' lang='lat' dir='ltr'>torrens.</span> <span class='ocrx_word' id='word_1_106' title='bbox 1098 2105 1138 2166; x_wconf 81' lang='grc'>70</span> 
     </span>
     <span class='ocr_line' id='line_1_18' title="bbox 216 2216 925 2296; baseline -0.004 -16"><span class='ocrx_word' id='word_1_107' title='bbox 216 2218 389 2296; x_wconf 81' lang='lat' dir='ltr'>Intercepta</span> <span class='ocrx_word' id='word_1_108' title='bbox 403 2217 504 2276; x_wconf 90' lang='lat' dir='ltr'>decem</span> <span class='ocrx_word' id='word_1_109' title='bbox 520 2216 652 2294; x_wconf 88' lang='lat' dir='ltr'>quereris</span> <span class='ocrx_word' id='word_1_110' title='bbox 666 2216 802 2276; x_wconf 85' lang='lat' dir='ltr'>sestertia</span> <span class='ocrx_word' id='word_1_111' title='bbox 817 2216 925 2277; x_wconf 84' lang='lat' dir='ltr'>fraude</span> 
     </span>
    </p>

    <p class='ocr_par' dir='ltr' id='par_1_15' title="bbox 176 2328 912 2410">
     <span class='ocr_line' id='line_1_19' title="bbox 176 2328 912 2410; baseline -0.005 -18"><span class='ocrx_word' id='word_1_112' title='bbox 176 2331 342 2410; x_wconf 79' lang='lat' dir='ltr'>sacrilega?</span> <span class='ocrx_word' id='word_1_113' title='bbox 362 2330 474 2410; x_wconf 89' lang='lat' dir='ltr'>quidsi</span> <span class='ocrx_word' id='word_1_114' title='bbox 490 2328 536 2389; x_wconf 90' lang='lat' dir='ltr'>bis</span> <span class='ocrx_word' id='word_1_115' title='bbox 549 2339 670 2389; x_wconf 88' lang='lat' dir='ltr'>centum</span> <span class='ocrx_word' id='word_1_116' title='bbox 685 2329 819 2408; x_wconf 86' lang='lat' dir='ltr'>perdidit</span> <span class='ocrx_word' id='word_1_117' title='bbox 831 2329 912 2390; x_wconf 85' lang='lat' dir='ltr'>alter</span> 
     </span>
    </p>

    <p class='ocr_par' dir='ltr' id='par_1_16' title="bbox 176 2443 837 2522">
     <span class='ocr_line' id='line_1_20' title="bbox 176 2443 837 2522; baseline -0.005 -16"><span class='ocrx_word' id='word_1_118' title='bbox 176 2448 233 2507; x_wconf 89' lang='lat' dir='ltr'>hoc</span> <span class='ocrx_word' id='word_1_119' title='bbox 247 2465 358 2508; x_wconf 83' lang='lat' dir='ltr'>areana</span> <span class='ocrx_word' id='word_1_120' title='bbox 372 2443 481 2503; x_wconf 83' lang='lat' dir='ltr'>modo?</span> <span class='ocrx_word' id='word_1_121' title='bbox 501 2443 644 2522; x_wconf 89' lang='lat' dir='ltr'>majorem</span> <span class='ocrx_word' id='word_1_122' title='bbox 659 2443 766 2504; x_wconf 81' lang='lat' dir='ltr'>tertius</span> <span class='ocrx_word' id='word_1_123' title='bbox 781 2443 837 2503; x_wconf 88' lang='lat' dir='ltr'>illa</span> 
     </span>
    </p>

    <p class='ocr_par' dir='ltr' id='par_1_17' title="bbox 176 2553 1052 2635">
     <span class='ocr_line' id='line_1_21' title="bbox 176 2553 1052 2635; baseline -0.007 -13"><span class='ocrx_word' id='word_1_124' title='bbox 176 2577 334 2628; x_wconf 87' lang='lat' dir='ltr'>summam,</span> <span class='ocrx_word' id='word_1_125' title='bbox 348 2575 440 2635; x_wconf 90' lang='lat' dir='ltr'>qnam</span> <span class='ocrx_word' id='word_1_126' title='bbox 454 2555 578 2634; x_wconf 84' lang='lat' dir='ltr'>patulae</span> <span class='ocrx_word' id='word_1_127' title='bbox 591 2555 646 2615; x_wconf 86' lang='lat' dir='ltr'>vix</span> <span class='ocrx_word' id='word_1_128' title='bbox 662 2564 783 2633; x_wconf 84' lang='lat' dir='ltr'>ceperat</span> <span class='ocrx_word' id='word_1_129' title='bbox 797 2553 928 2634; x_wconf 88' lang='lat' dir='ltr'>angulus</span> <span class='ocrx_word' id='word_1_130' title='bbox 942 2556 1052 2616; x_wconf 75' lang='lat' dir='ltr'>arcae?</span> 
     </span>
    </p>

    <p class='ocr_par' dir='ltr' id='par_1_18' title="bbox 176 2665 1136 2743">
     <span class='ocr_line' id='line_1_22' title="bbox 176 2665 1136 2743; baseline -0.003 -14"><span class='ocrx_word' id='word_1_131' title='bbox 176 2678 239 2729; x_wconf 91' lang='lat' dir='ltr'>tam</span> <span class='ocrx_word' id='word_1_132' title='bbox 254 2665 343 2727; x_wconf 87' lang='lat' dir='ltr'>facile</span> <span class='ocrx_word' id='word_1_133' title='bbox 358 2673 388 2724; x_wconf 91' lang='lat' dir='ltr'>et</span> <span class='ocrx_word' id='word_1_134' title='bbox 401 2683 530 2743; x_wconf 91' lang='lat' dir='ltr'>pronum</span> <span class='ocrx_word' id='word_1_135' title='bbox 546 2672 589 2724; x_wconf 81' lang='lat' dir='ltr'>est</span> <span class='ocrx_word' id='word_1_136' title='bbox 603 2684 727 2743; x_wconf 86' lang='lat' dir='ltr'>superos</span> <span class='ocrx_word' id='word_1_137' title='bbox 741 2673 933 2724; x_wconf 88' lang='lat' dir='ltr'>contemnere</span> <span class='ocrx_word' id='word_1_138' title='bbox 946 2672 1046 2738; x_wconf 87' lang='lat' dir='ltr'>testes,</span> <span class='ocrx_word' id='word_1_139' title='bbox 1098 2665 1136 2729; x_wconf 79' lang='lat'>75</span> 
     </span>
    </p>

    <p class='ocr_par' dir='ltr' id='par_1_19' title="bbox 176 2776 916 2856">
     <span class='ocr_line' id='line_1_23' title="bbox 176 2776 916 2856; baseline -0.007 -13"><span class='ocrx_word' id='word_1_140' title='bbox 176 2783 202 2843; x_wconf 87' lang='lat' dir='ltr'>si</span> <span class='ocrx_word' id='word_1_141' title='bbox 215 2777 351 2843; x_wconf 85' lang='lat' dir='ltr'>mortalis</span> <span class='ocrx_word' id='word_1_142' title='bbox 365 2777 445 2838; x_wconf 92' lang='lat' dir='ltr'>idem</span> <span class='ocrx_word' id='word_1_143' title='bbox 460 2797 548 2838; x_wconf 92' lang='lat' dir='ltr'>nemo</span> <span class='ocrx_word' id='word_1_144' title='bbox 563 2778 656 2838; x_wconf 78' lang='lat' dir='ltr'>sciat!</span> <span class='ocrx_word' id='word_1_145' title='bbox 677 2776 786 2856; x_wconf 85' lang='lat' dir='ltr'>aspice,</span> <span class='ocrx_word' id='word_1_146' title='bbox 801 2785 916 2856; x_wconf 86' lang='lat' dir='ltr'>quanta</span> 
     </span>
    </p>

    <p class='ocr_par' dir='ltr' id='par_1_20' title="bbox 177 2889 895 2972">
     <span class='ocr_line' id='line_1_24' title="bbox 177 2889 895 2972; baseline -0.01 -14"><span class='ocrx_word' id='word_1_147' title='bbox 177 2915 250 2958; x_wconf 87' lang='lat' dir='ltr'>voce</span> <span class='ocrx_word' id='word_1_148' title='bbox 263 2901 360 2972; x_wconf 88' lang='lat' dir='ltr'>neget,</span> <span class='ocrx_word' id='word_1_149' title='bbox 376 2911 453 2970; x_wconf 89' lang='lat' dir='ltr'>quae</span> <span class='ocrx_word' id='word_1_150' title='bbox 467 2891 507 2951; x_wconf 86' lang='lat' dir='ltr'>sit</span> <span class='ocrx_word' id='word_1_151' title='bbox 520 2890 583 2952; x_wconf 86' lang='lat' dir='ltr'>ficti</span> <span class='ocrx_word' id='word_1_152' title='bbox 599 2890 768 2951; x_wconf 85' lang='lat' dir='ltr'>constantia</span> <span class='ocrx_word' id='word_1_153' title='bbox 782 2889 895 2952; x_wconf 83' lang='lat' dir='ltr'>vultus</span> 
     </span>
    </p>

    <p class='ocr_par' dir='ltr' id='par_1_21' title="bbox 178 3002 886 3087">
     <span class='ocr_line' id='line_1_25' title="bbox 178 3002 886 3087; baseline -0.008 -19"><span class='ocrx_word' id='word_1_154' title='bbox 178 3027 230 3087; x_wconf 87' lang='lat' dir='ltr'>per</span> <span class='ocrx_word' id='word_1_155' title='bbox 243 3004 322 3067; x_wconf 83' lang='lat' dir='ltr'>Solis</span> <span class='ocrx_word' id='word_1_156' title='bbox 335 3003 435 3064; x_wconf 87' lang='lat' dir='ltr'>radios</span> <span class='ocrx_word' id='word_1_157' title='bbox 448 3002 639 3082; x_wconf 79' lang='lat' dir='ltr'>Tarpeiaque</span> <span class='ocrx_word' id='word_1_158' title='bbox 653 3002 785 3062; x_wconf 89' lang='lat' dir='ltr'>fulmina</span> <span class='ocrx_word' id='word_1_159' title='bbox 800 3003 886 3081; x_wconf 89' lang='lat' dir='ltr'>jurat</span> 
     </span>
    </p>

    <p class='ocr_par' dir='ltr' id='par_1_22' title="bbox 148 3115 900 3196">
     <span class='ocr_line' id='line_1_26' title="bbox 148 3115 900 3196; baseline -0.009 -13"><span class='ocrx_word' id='word_1_160' title='bbox 148 3161 151 3168; x_wconf 68' lang='lat'>,</span> <span class='ocrx_word' id='word_1_161' title='bbox 176 3130 207 3183; x_wconf 86' lang='lat' dir='ltr'>et</span> <span class='ocrx_word' id='word_1_162' title='bbox 221 3117 330 3182; x_wconf 87' lang='lat' dir='ltr'>Martis</span> <span class='ocrx_word' id='word_1_163' title='bbox 343 3116 491 3178; x_wconf 85' lang='lat' dir='ltr'>frameam</span> <span class='ocrx_word' id='word_1_164' title='bbox 506 3125 536 3177; x_wconf 90' lang='lat' dir='ltr'>et</span> <span class='ocrx_word' id='word_1_165' title='bbox 550 3115 666 3177; x_wconf 87' lang='lat' dir='ltr'>Oirraei</span> <span class='ocrx_word' id='word_1_166' title='bbox 679 3115 797 3196; x_wconf 90' lang='lat' dir='ltr'>spicula</span> <span class='ocrx_word' id='word_1_167' title='bbox 811 3116 900 3189; x_wconf 89' lang='lat' dir='ltr'>vatis,</span> 
     </span>
    </p>

    <p class='ocr_par' dir='ltr' id='par_1_23' title="bbox 177 3229 1138 3316">
     <span class='ocr_line' id='line_1_27' title="bbox 177 3229 1138 3316; baseline -0.002 -20"><span class='ocrx_word' id='word_1_168' title='bbox 177 3255 231 3316; x_wconf 87' lang='lat' dir='ltr'>per</span> <span class='ocrx_word' id='word_1_169' title='bbox 244 3233 376 3296; x_wconf 87' lang='lat' dir='ltr'>calamos</span> <span class='ocrx_word' id='word_1_170' title='bbox 390 3231 552 3293; x_wconf 87' lang='lat' dir='ltr'>venatricis</span> <span class='ocrx_word' id='word_1_171' title='bbox 565 3231 801 3310; x_wconf 85' lang='lat' dir='ltr'>pharetramque</span> <span class='ocrx_word' id='word_1_172' title='bbox 814 3229 946 3310; x_wconf 84' lang='lat' dir='ltr'>puellae,</span> <span class='ocrx_word' id='word_1_173' title='bbox 1099 3232 1138 3296; x_wconf 84' lang='lat'>80</span> 
     </span>
    </p>

    <p class='ocr_par' dir='ltr' id='par_1_24' title="bbox 177 3344 993 3429">
     <span class='ocr_line' id='line_1_28' title="bbox 177 3344 993 3429; baseline -0.006 -20"><span class='ocrx_word' id='word_1_174' title='bbox 177 3368 288 3429; x_wconf 89' lang='lat' dir='ltr'>perque</span> <span class='ocrx_word' id='word_1_175' title='bbox 302 3355 400 3417; x_wconf 87' lang='lat' dir='ltr'>tuum,</span> <span class='ocrx_word' id='word_1_176' title='bbox 415 3353 501 3423; x_wconf 87' lang='lat' dir='ltr'>pater</span> <span class='ocrx_word' id='word_1_177' title='bbox 516 3345 630 3423; x_wconf 89' lang='lat' dir='ltr'>Aegaei</span> <span class='ocrx_word' id='word_1_178' title='bbox 645 3344 796 3424; x_wconf 88' lang='lat' dir='ltr'>Neptune,</span> <span class='ocrx_word' id='word_1_179' title='bbox 811 3344 993 3416; x_wconf 67' lang='lat' dir='ltr'>tridentem</span> 
     </span>
    </p>

    <p class='ocr_par' dir='ltr' id='par_1_25' title="bbox 178 3452 968 3576">
     <span class='ocr_line' id='line_1_29' title="bbox 178 3452 968 3537; baseline -0.003 -15"><span class='ocrx_word' id='word_1_180' title='bbox 178 3458 264 3523; x_wconf 79' lang='lat' dir='ltr'>addit</span> <span class='ocrx_word' id='word_1_181' title='bbox 277 3465 308 3519; x_wconf 87' lang='lat' dir='ltr'>et</span> <span class='ocrx_word' id='word_1_182' title='bbox 322 3452 490 3518; x_wconf 86' lang='lat' dir='ltr'>Herculeos</span> <span class='ocrx_word' id='word_1_183' title='bbox 503 3473 592 3514; x_wconf 83' lang='lat' dir='ltr'>arcus</span> <span class='ocrx_word' id='word_1_184' title='bbox 607 3453 785 3537; x_wconf 87' lang='lat' dir='ltr'>hastamque</span> <span class='ocrx_word' id='word_1_185' title='bbox 800 3455 968 3530; x_wconf 77' lang='lat' dir='ltr'>Minervae,</span> 
     </span>
     <span class='ocr_line' id='line_1_30' title="bbox 219 3548 229 3576; baseline 0 0"><span class='ocrx_word' id='word_1_186' title='bbox 219 3548 229 3576; x_wconf 68' lang='lat' dir='ltr'>d</span> 
     </span>
    </p>
   </div>
   <div class='ocr_carea' id='block_1_5' title="bbox 0 0 1275 3806">
    <p class='ocr_par' dir='ltr' id='par_1_26' title="bbox 0 0 1275 3806">
     <span class='ocr_line' id='line_1_31' title="bbox 0 0 1275 3806; baseline 0 0"><span class='ocrx_word' id='word_1_187' title='bbox 0 0 1275 3806; x_wconf 95' lang='lat' dir='ltr'> </span> 
     </span>
    </p>
   </div>
  </div>
 </body>
</html>
