2536 3806
517 227 691 275 snrvssn
719 227 763 274 X.

157 385 318 461 Lentulus,
332 385 392 447 hae
405 404 503 465 poena
517 384 616 446 caruit
629 383 797 464 ceciditque
811 381 962 464 Cethegus

156 499 283 578 integer,
297 507 328 560 et
344 498 443 579 jacuit
457 497 591 558 Catilina
605 497 753 558 cadavere
767 505 838 558 toto.

199 610 343 672 Formam
358 619 444 690 optat
458 609 576 670 modico
590 610 700 690 pneris,
714 609 827 690 majore
840 609 951 690 puellis

155 745 322 799 murmure,
337 744 407 786 oum
421 722 550 786 Veneris
565 721 671 784 fanum
686 722 778 796 videt,
793 721 887 782 anxia
901 730 999 783 mater
1060 721 1118 785 290

155 839 305 919 usquead
320 838 443 900 delicies
457 846 607 900 votorum.
649 841 723 897 ‘cnr
737 835 858 909 tamen,'
873 835 982 916 inquit,

156 952 343 1032 ‘corripiasl
363 951 493 1032 pulchra
506 950 620 1030 gaudet
634 949 755 1010 Latona
770 948 891 1010 Diana!

154 1065 210 1126 sed
224 1075 308 1126 vetat
321 1064 420 1145 opteri
435 1063 543 1124 faciem
559 1062 713 1136 Lucretia,
730 1062 850 1142 qualem

154 1177 224 1257 ipsa
238 1176 364 1249 habuit;
387 1183 510 1256 cuperet
524 1175 649 1236 Rutilae
664 1174 813 1255 Verginia
826 1175 952 1256 gibbum

155 1289 400 1368 accipereatque
414 1308 500 1348 suam
517 1287 641 1349 Rutilae
656 1288 736 1349 dare.
779 1288 859 1349 lilius
876 1298 978 1351 autem
1059 1288 1118 1350 295

153 1402 290 1481 eorporis
305 1401 416 1481 egregii
432 1401 554 1462 miseros
568 1400 759 1482 trepidosque
774 1411 912 1482 parentes

152 1534 273 1594 semper
287 1513 395 1587 hahet;
417 1533 487 1574 rara
503 1523 547 1574 est
560 1514 635 1576 adeo
650 1515 810 1576 concordia
824 1515 938 1578 formae

152 1637 247 1706 atque
260 1627 434 1706 pudicitiae.
478 1637 597 1688 sanctos
609 1627 680 1688 licet
693 1627 818 1689 horrida
831 1649 928 1690 mores

152 1739 318 1801 tradiderit
332 1739 438 1801 domus
452 1760 489 1801 ac
502 1749 617 1802 veteres
633 1740 753 1802 imitate
766 1739 903 1816 Sabinos,

152 1865 313 1936 praeterea
328 1867 444 1918 castum
460 1858 614 1938 ingenium
629 1858 810 1939 vultumque
825 1857 957 1922 modesto
1058 1858 1117 1920 300

152 1971 303 2050 sanguine
319 1971 484 2034 ferventem
501 1972 617 2035 tribuat
630 1981 742 2034 natura
756 1973 887 2054 benigna

153 2085 244 2165 larga
258 2106 352 2147 manu
361 2119 401 2130 -
411 2088 485 2167 quid
500 2088 580 2148 enim
595 2110 688 2169 puero
707 2089 843 2151 conferre
855 2097 954 2169 potest
966 2087 1036 2170 plus

153 2198 280 2260 custode
295 2207 326 2260 et
339 2220 413 2260 cura
426 2209 538 2262 natura
552 2203 703 2281 potentior
717 2203 800 2264 omni
809 2203 871 2264 l-

151 2329 216 2372 non
230 2311 303 2373 licet
316 2333 378 2374 esse
392 2314 475 2386 viro;
497 2335 569 2375 nam
584 2314 711 2396 prodiga
726 2316 909 2396 corruptoris

99 2495 102 2501 ¹
151 2423 333 2504 improbitas
347 2424 425 2504 ipsos
439 2425 531 2487 audet
546 2435 695 2506 temptare
708 2435 855 2506 parentes.
1057 2428 1115 2489 305

153 2535 224 2596 ‘sed
240 2545 322 2597 casto
337 2537 411 2617 qnid
426 2537 523 2599 forma
538 2538 665 2600 nocet?’
707 2540 780 2619 quid
795 2539 910 2620 profuit
923 2540 1015 2601 immo
1056 2539 1116 2600 324

152 2648 328 2728 Hippolyto
341 2669 434 2728 greum
449 2650 645 2730 propositum,
660 2652 734 2730 quid
748 2651 997 2732 Bellerophonti?

152 2759 277 2822 erubuit
290 2779 402 2840 nempe
417 2760 500 2835 haee,
516 2781 571 2822 ceu
585 2761 729 2837 fastidita,
746 2763 866 2843 repulsa
908 2743 912 2751 ι

154 2895 212 2935 nec
226 2873 416 2935 Stheneboea
429 2875 529 2968 minus
544 2896 636 2955 quam
652 2876 758 2938 Cressa
772 2879 945 2952 excanduit,
960 2887 1034 2940 etse

154 3006 331 3048 concussere
345 2985 461 3048 ambae.
503 2988 614 3049 mulier
628 2988 802 3051 saevissima
815 2998 888 3052 tuno
902 2999 955 3064 est,

153 3122 224 3162 oum
238 3099 376 3160 stimulos
390 3101 459 3162 odio
473 3101 572 3181 pudor
586 3102 736 3167 admovet.
778 3104 864 3185 elige,
878 3105 1024 3186 quidnam

153 3215 343 3277 suadendum
357 3235 418 3276 esse
432 3225 527 3296 putes,
543 3217 592 3277 cui
606 3217 720 3279 nubere
735 3217 871 3282 Caesaris
886 3241 964 3282 uxor
1055 3218 1114 3280 330

154 3329 295 3390 destinat.
336 3327 469 3408 optimus
483 3328 532 3389 hic
547 3339 577 3390 et
591 3329 820 3392 formosissimus
834 3330 914 3391 idem

154 3440 253 3522 gentis
265 3439 412 3521 patriciae
425 3440 545 3519 rapitur
559 3441 649 3502 miser
663 3442 902 3523 exstinguendus
