2536 3806
166 241 208 304 54
408 258 585 305 arvum
614 261 860 308 rvvrsnsurs

163 434 315 474 summum
330 412 417 475 crede
431 414 514 475 nefas
528 415 661 476 animam
676 417 827 495 praeferre
840 418 950 497 pudori

163 537 193 588 et
206 538 329 608 propter
344 528 438 588 vitam
453 529 577 591 vivendi
591 530 716 609 perdere
729 552 841 592 causas.

163 640 272 720 dignus
290 650 385 702 morte
398 643 485 721 perit,
501 651 586 703 cenet
600 644 672 704 licet
685 654 782 705 ostrea
796 654 917 707 centum
1083 650 1120 709 85

163 753 308 815 Gaurana
322 765 352 816 et
366 755 466 816 Cosmi
481 765 543 817 toto
559 762 712 836 mergatur
726 779 810 820 aeno.

162 878 320 948 expectata
334 869 387 929 diu
401 870 523 929 tandem
539 871 696 950 provincia
712 891 781 931 cum
796 880 825 932 te

161 991 305 1041 rectorem
321 981 456 1060 accipiet,
471 1003 548 1061 pone
563 983 626 1044 irae
639 983 725 1044 frena
743 985 935 1066 modumque,

160 1114 238 1174 pone
252 1103 281 1154 et
295 1094 450 1169 avaritiae,
465 1096 604 1156 miserere
619 1097 743 1177 inopum
758 1099 924 1159 sociorum:

160 1225 225 1266 ossa
239 1206 322 1268 vides
336 1227 442 1286 regum
456 1209 561 1269 vacuis
575 1220 685 1270 exucta
700 1211 848 1273 medullis.
1080 1214 1117 1274 90

160 1320 281 1400 respice,
296 1320 369 1400 quid
385 1331 527 1382 moneant
540 1322 629 1401 leges,
644 1324 718 1402 quid
733 1324 818 1384 curia
833 1325 964 1400 mandet,

159 1433 295 1515 praemia
308 1442 423 1513 quanta
437 1434 530 1495 bonos
545 1446 695 1511 maneant,
710 1457 802 1517 quam
816 1438 944 1499 fulmine
959 1439 1044 1519 justo

122 1616 126 1622 ,
160 1556 190 1607 et
204 1545 312 1625 Capito
326 1556 356 1607 et
370 1543 513 1608 Numitor
527 1549 652 1622 ruerint,
667 1549 831 1610 damnante
843 1559 959 1624 senatu,

160 1660 277 1738 piratae
291 1658 430 1720 Cilicum.
472 1661 523 1720 sed
539 1661 612 1740 quid
628 1661 782 1722 damnatio
797 1662 932 1723 confert?

160 1795 346 1854 praeconem,
364 1775 541 1855 Chaerippe,
556 1777 616 1836 tuis
630 1777 825 1856 circumspice
840 1777 957 1857 pannis,
1078 1782 1115 1841 95

161 1907 229 1947 curn
245 1887 344 1948 Pansa
359 1890 476 1968 eripiat,
492 1889 640 1969 quidquid
655 1890 711 1950 tibi
726 1890 822 1952 Natta
836 1891 968 1971 reliquit,

165 2003 290 2082 jamque
304 2010 386 2073 tacc;
408 2002 492 2062 lirror
507 2011 551 2062 est
564 2011 631 2081 post
645 2003 746 2063 omnia
761 2003 885 2082 perdere
899 2003 1022 2067 naulon.

159 2137 220 2178 non
234 2117 313 2177 idem
328 2117 457 2196 gemitus
472 2117 545 2176 olim
560 2136 657 2196 neque
671 2116 784 2178 vulnus
798 2127 863 2179 erat
876 2138 933 2197 par

159 2232 339 2292 damnorum
354 2231 440 2292 sociis
455 2229 630 2291 florentibus
645 2239 674 2291 et
688 2231 776 2292 modo
791 2232 887 2293 victis.

157 2347 248 2426 plena
262 2345 367 2406 domus
382 2353 455 2405 tunc
470 2345 575 2416 omnis,
590 2353 620 2404 et
634 2344 738 2424 ingens
752 2345 853 2406 stabat
866 2365 989 2407 acervos
1058 2347 1115 2409 100

157 2479 358 2532 nummorum,
373 2459 524 2538 Spartana
540 2457 685 2537 chlamys,
701 2458 860 2538 conchylia
874 2458 945 2532 Coa,

156 2582 268 2633 etcum
283 2569 415 2632 Parrasii
431 2571 543 2631 tabulis
559 2571 710 2650 signisque
725 2571 862 2652 Myronis

156 2685 336 2746 Phidiacum
351 2685 475 2747 vivebat
489 2685 572 2757 ebur,
586 2705 641 2744 nec
657 2705 716 2744 non
732 2684 875 2764 Polycliti

155 2799 269 2860 multus
284 2798 395 2880 ubique
410 2798 504 2873 labor,
520 2818 606 2859 rarae
621 2798 684 2859 sine
700 2797 839 2859 Mentore
853 2815 980 2860 mensae.

155 2913 225 2974 inde
240 2912 419 2974 Dolabellae
434 2922 525 2992 atque
539 2913 610 2972 hinc
626 2910 788 2984 Antonius,
803 2911 874 2971 inde
1056 2913 1113 2976 105

154 3024 317 3103 sacrilegus
332 3021 444 3084 Verres
459 3021 629 3083 referebant
644 3022 773 3084 navibus
788 3022 858 3083 altis

154 3137 273 3197 occulta
286 3135 383 3215 spolia
397 3145 427 3196 et
440 3135 542 3215 plures
556 3136 594 3195 de
609 3155 683 3214 pace
697 3135 874 3215 triumphos.

154 3270 234 3309 nuno
248 3248 334 3310 sociis
349 3250 427 3328 juga
437 3270 534 3329 pauca
544 3250 651 3321 boum;
668 3269 743 3327 grex
758 3268 871 3328 parvus
884 3269 1031 3328 equarum

154 3369 184 3420 et
197 3370 283 3439 pater
297 3359 426 3420 armenti
440 3369 528 3437 capto
543 3360 685 3438 eripietur
703 3360 811 3439 agello,

154 3471 211 3550 ipsi
225 3472 335 3532 deinde
350 3471 435 3543 lares,
450 3471 569 3548 siquod
584 3471 747 3550 spectabile
761 3472 890 3552 signum,
983 3487 986 3492 ’
1053 3477 1111 3538 110
