2516 3806
480 200 652 248 SATVRA
682 199 778 247 XIV.

144 358 278 439 amplior
292 368 322 419 et
335 358 465 438 grandes
479 356 641 419 fumabant
654 355 791 436 pultibus
805 355 903 418 ollae:
959 355 961 360 ’

144 494 227 535 nunc
241 473 348 534 modus
362 473 412 534 hic
427 473 492 552 agri
508 482 609 533 nostro
625 493 686 533 non
700 472 811 534 sufficit
825 471 920 534 horto.

78 613 80 618 ·
144 588 216 648 inde
230 587 293 649 sere
307 587 455 649 scelerum
470 606 594 658 causae;
615 607 671 646 nec
685 585 775 665 plura
788 605 906 647 venena

145 701 269 762 miscuit
282 711 337 762 aut
350 701 429 762 ferro
443 711 598 780 grassatur
611 700 730 778 saepius
745 699 844 761 ullum

144 814 298 876 humanae
312 815 421 875 mentis
435 815 544 876 vitium
560 835 652 894 quam
668 834 759 874 saeva
774 814 884 892 cupido
1048 815 1105 876 175

144 926 291 993 inmodici
306 947 419 989 census.
461 948 532 987 narn
548 927 632 988 dives
646 927 699 1007 qui
713 926 778 988 fieri
794 926 870 1000 vult,

143 1051 174 1102 et
189 1042 249 1103 cito
263 1041 332 1104 vult
345 1041 429 1102 fieri:
450 1042 502 1102 sed
516 1062 594 1121 quae
608 1041 777 1102 reverentia
790 1040 901 1120 legum,

144 1155 212 1235 quis
226 1164 325 1217 metus
340 1165 394 1217 aut
407 1155 506 1235 pudor
520 1165 564 1217 est
579 1175 723 1235 umquam
736 1154 925 1235 properantis
938 1154 1045 1216 avari?

144 1269 259 1331 ‘vivite
273 1268 406 1330 contenti
421 1268 530 1329 casulis
544 1277 575 1329 et
589 1267 717 1330 collibus
732 1268 804 1341 istis,

144 1402 162 1442 o
176 1381 265 1461 pueri
275 1382 299 1442 l’
334 1381 455 1442 Marsus
469 1381 589 1442 dicebat
603 1391 634 1441 et
648 1381 801 1441 Hernicus
815 1380 888 1442 clim
1047 1381 1105 1442 180

143 1493 353 1573 Vestinusque
366 1513 477 1565 senex3
499 1497 625 1572 ‘panem
640 1512 820 1572 quaeramus
834 1501 945 1566 aratro,

144 1608 198 1689 qui
212 1608 285 1669 satis
299 1616 343 1669 est
357 1609 482 1671 mansis:
505 1607 634 1669 laudant
648 1609 705 1669 hoc
720 1608 846 1680 numina
861 1608 948 1681 ruris,

144 1741 273 1800 quorum
289 1740 345 1799 ope
359 1729 389 1780 et
403 1720 520 1782 auxilio
534 1729 640 1800 gratae
655 1729 722 1799 post
736 1739 847 1780 munus
860 1719 970 1781 aristae

144 1833 327 1912 contingunt
340 1833 455 1894 homiui
473 1833 582 1895 veteris
597 1832 719 1895 fastidia
733 1853 868 1914 quercus.

144 1947 191 2007 nil
206 1946 335 2009 vetitum
350 1945 452 2008 fecisse
466 1947 557 2022 velet,
572 1969 663 2029 quem
678 1970 739 2010 non
754 1949 848 2029 pudet
862 1951 925 2012 alto
1047 1951 1112 2012 185·

145 2082 202 2143 per
214 2060 343 2142 glaciem
359 2081 470 2140 perone
484 2062 553 2141 tegi,
568 2063 620 2142 qui
635 2071 805 2127 summovet
818 2085 905 2125 euros

145 2178 277 2260 pellibus
292 2179 434 2253 inversis3
458 2181 616 2259 peregrina
631 2181 794 2262 ignotaque
808 2181 894 2243 nobis

146 2288 185 2349 ad
196 2287 293 2358 scelus
304 2298 395 2367 atquc
406 2288 498 2361 nefas,
510 2308 717 2368 quaecumque
729 2297 781 2362 est,
794 2309 931 2368 purpura
940 2289 1042 2350 ducit'

145 2401 220 2464 haec
235 2401 282 2462 illi
297 2410 411 2464 veteres
424 2403 586 2480 praecepta
600 2402 785 2462 minoribus:
807 2410 839 2471 at
853 2422 935 2462 nunc

145 2523 213 2596 post
226 2513 317 2577 finem
331 2514 471 2575 autumni
486 2514 587 2574 media
600 2515 637 2574 de
652 2523 739 2575 nocte
753 2515 896 2594 supinum
1046 2514 1105 2576 190

146 2629 294 2690 clamosus
310 2629 454 2708 juvenem
468 2636 556 2707 pater
569 2629 699 2688 excitat:
721 2628 840 2707 ‘accipe
854 2648 945 2701 ceras,

145 2739 251 2811 scribe,
266 2760 350 2818 puer,
367 2739 471 2818 vigila,
486 2758 591 2800 causas
605 2759 669 2818 age,
684 2739 804 2818 perlege
818 2739 925 2800 rubras

146 2854 295 2932 majorum
310 2852 390 2931 leges
404 2862 459 2915 aut
473 2852 566 2913 vitem
582 2872 669 2931 posce
683 2851 795 2913 libelle.

145 2964 196 3023 sed
212 2973 304 3042 caput
318 2963 465 3025 intactum
482 2963 564 3023 buxo
580 2984 726 3042 naresque
741 2963 852 3042 pilosas

146 3076 270 3137 adnotet
284 3084 314 3136 et
328 3076 457 3154 grandes
472 3077 599 3136 miretur
613 3074 737 3136 Laelius
751 3076 823 3137 alas.
1047 3077 1105 3137 195

147 3187 233 3247 dirue
247 3185 427 3246 Maurorum
442 3187 579 3265 attegias,
595 3187 719 3247 castella
734 3186 926 3267 Brigantum,

147 3308 181 3360 ut
194 3298 375 3378 locupletem
390 3299 525 3377 aquilam
539 3299 596 3360 tibi
610 3301 834 3380 sexagensimus
848 3320 946 3363 annus
1024 3302 1026 3310 ’

147 3407 281 3482 adferam
302 3415 365 3482 aut,
380 3406 486 3488 longos
500 3416 667 3470 castrorum
682 3408 759 3470 ferre
774 3407 892 3472 labores
