2536 3806
495 223 667 270 SATVRA
697 225 768 270 111.

150 400 209 452 me,
223 400 313 458 quern
327 378 401 439 luna
415 378 490 439 solet
504 379 651 440 deducere
665 380 714 443 vel
730 380 820 442 breve
835 380 938 440 lumen

150 493 305 565 candelae,
320 493 405 572 cujus
419 493 557 572 dispenso
572 503 601 553 et
615 503 749 572 tempero
765 494 859 566 filum,

151 605 325 686 contemnit.
366 605 492 666 miserae
506 626 649 685 cognosce
663 608 816 686 prooemia
830 607 925 681 rixae,

149 718 176 778 si
192 719 261 777 rixa
275 726 327 791 est,
341 717 394 778 ubi
408 727 442 778 tu
457 719 569 797 pulsas,
584 739 639 798 ego
654 719 767 798 vapulo
781 728 910 780 tantum.

150 841 211 892 stat
226 840 332 891 contra
346 832 478 911 starique
488 832 592 911 jubet:
614 853 719 912 parere
734 853 851 894 necesse
864 842 918 907 est,
1055 833 1113 892 290

150 966 223 1005 nam
238 945 311 1024 quid
326 967 406 1025 agas,
421 966 490 1005 curu
505 955 535 1006 te
549 946 679 1007 furiosus
693 955 781 1026 cogat
795 955 825 1007 et
838 947 918 1008 idem

150 1057 278 1118 fortior?
300 1058 407 1118 “unde
420 1058 551 1120 venis?''
573 1059 742 1132 exclamat;
764 1060 876 1140 “cujus
890 1069 984 1133 aceto,

151 1172 237 1250 cujus
252 1172 363 1232 conche
377 1173 496 1232 tumes?
516 1172 583 1252 quis
597 1181 698 1233 tecum
712 1171 814 1232 sectile
828 1192 953 1251 porrum
1051 1233 1055 1242 ,

150 1292 236 1343 sutor
249 1292 279 1344 et
293 1284 366 1344 elixi
381 1284 516 1345 vervecis
532 1284 619 1344 labra
633 1283 785 1344 comedit?

150 1395 196 1455 nil
211 1396 287 1455 mihi
302 1397 481 1476 respondes?
501 1405 556 1456 aut
570 1396 628 1469 dic,
643 1404 698 1456 aut
712 1396 815 1475 accipe
829 1397 959 1456 calcem!
1055 1397 1113 1456 295

150 1509 216 1582 ede,
230 1507 283 1569 ubi
297 1509 456 1569 consistas!
479 1509 511 1568 in
526 1529 586 1588 qua
600 1517 630 1568 te
644 1528 756 1587 quaero
770 1508 956 1587 proseucha?
966 1508 982 1533 ’³

151 1623 252 1682 dicere
266 1622 291 1681 si
305 1631 432 1701 temptes
447 1622 565 1701 aliquid
580 1622 728 1682 tacitusve
743 1621 872 1694 recedas,

150 1735 342 1796 tantumdem
357 1745 408 1809 est,
424 1736 537 1796 feriunt
551 1736 674 1815 pariter,
688 1734 864 1796 vadimonia
877 1734 985 1794 deinde

152 1851 223 1911 irati
239 1851 356 1912 faciunt
365 1873 372 1924 ;
394 1851 519 1912 libertas
534 1851 675 1931 pauperis
690 1851 765 1911 haec
779 1859 840 1910 est:

151 1964 290 2044 pulsatus
304 1975 390 2044 rogat
405 1974 435 2025 et
449 1965 559 2045 pugnis
574 1965 709 2025 concisus
724 1963 840 2037 adorat,
1056 1962 1114 2022 300

151 2083 187 2134 ut
201 2075 291 2135 liceat
304 2076 408 2154 paucis
422 2096 492 2136 cum
507 2075 647 2136 dentibus
661 2075 731 2134 inde
745 2074 864 2136 reverti.

83 2233 85 2237 -
150 2209 207 2249 nec
221 2199 324 2249 tamen
338 2189 413 2249 haec
426 2197 547 2249 tantum
562 2197 696 2261 metuas;
717 2208 789 2248 nam
803 2188 855 2266 qui
869 2187 977 2265 spoliet
990 2195 1020 2246 te

150 2322 212 2361 non
227 2301 314 2375 derit,
329 2301 439 2362 clausis
454 2301 593 2362 domibus
607 2310 767 2381 postquam
782 2299 878 2360 omnis
894 2299 1005 2378 ubique

150 2416 214 2476 fixa
229 2425 385 2476 catenatae
399 2415 484 2476 siluit
499 2435 644 2494 compago
659 2414 811 2475 tabernae.

150 2529 304 2589 interdum
318 2539 347 2590 et
363 2529 442 2591 ferro
457 2529 575 2590 subitus
589 2537 740 2608 grassator
753 2529 817 2608 agit
832 2548 911 2588 rem:
1054 2528 1112 2588 305

150 2650 269 2702 armato
284 2643 421 2723 quotiens
435 2652 520 2704 tutae
535 2643 657 2703 custode
671 2650 813 2703 tenentur

150 2765 181 2815 et
196 2754 359 2834 Pomptina
373 2755 461 2835 palus
476 2766 506 2817 ct
521 2755 695 2817 Gallinaria
710 2756 808 2834 pinus,

149 2867 192 2926 sic
207 2866 278 2926 inde
293 2867 351 2927 huc
366 2888 468 2928 omnes
482 2877 639 2948 tamquam
655 2868 694 2928 ad
709 2867 828 2928 vivaria
842 2875 976 2926 currunt.

150 3001 211 3060 qua
225 2981 346 3042 fornace
360 3003 475 3061 graves,
492 3004 552 3062 qua
566 3003 627 3044 non
643 2983 760 3055 incude,
776 2982 921 3042 catenae?

150 3094 302 3154 maximus
317 3094 348 3152 in
363 3095 471 3156 vinclis
486 3095 558 3156 ferri
572 3096 688 3167 modus,
701 3105 736 3155 ut
751 3095 856 3154 timeas
870 3113 908 3152 ne
1053 3093 1111 3152 310

150 3227 254 3268 vomer
268 3207 397 3278 deficiat,
412 3228 450 3268 ne
464 3229 583 3268 marrae
597 3217 627 3269 et
640 3208 759 3268 sarcula
774 3208 881 3268 desint.

150 3319 250 3379 felices
264 3338 447 3397 proavorum
462 3329 576 3392 atavos,
592 3319 692 3380 felicia
707 3319 789 3380 dicas

149 3431 278 3504 saecula,
293 3451 370 3511 qnae
385 3432 537 3512 quondam
552 3433 608 3493 sub
623 3432 742 3512 regibus
756 3442 847 3513 atque
860 3431 990 3493 tribunis

597 3529 619 3580 C
628 3531 644 3579 2
