2536 3806
507 224 680 272 sA'rvnA
708 225 772 273 XI.

160 381 307 443 Herculis
321 401 480 442 aerumnas
495 380 598 442 credat
611 401 774 461 saevosque
788 380 907 442 labores

159 503 192 556 et
207 493 326 556 Venere
341 503 371 553 et
384 493 464 553 cenis
479 501 509 553 et
522 494 628 572 pluma
642 493 865 574 Sardanapalli.

160 617 295 666 monstro
310 605 391 685 quod
405 605 468 684 ipse
482 604 538 665 tibi
553 605 646 685 possis
660 606 749 666 dare:
771 607 878 667 semita
892 613 971 666 certe

159 717 348 798 tranquillae
361 738 415 797 per
430 717 575 779 virtutem
588 727 672 797 patet
687 719 777 779 unica
790 719 880 780 vitae.

160 830 283 891 nullum
298 850 411 890 numen
425 829 527 903 habos,
542 829 566 890 si
581 830 620 890 sit
632 830 813 909 prudentia;
835 838 941 903 noste,
1060 827 1118 887 365

159 965 217 1004 nos
232 943 368 1018 facimus,
383 943 530 1017 Fortuna,
546 943 633 1004 deam
648 944 790 1023 caeloque
804 943 946 1006 locamus.

610 1135 671 1197 XI.

160 1277 288 1338 Atticus
302 1279 413 1339 eximie
426 1279 452 1339 si
466 1287 562 1353 cenat,
577 1279 678 1340 lautus
694 1278 839 1351 habetur3

158 1394 186 1454 si
203 1394 336 1468 Rutilus,
352 1394 481 1455 demens.
523 1395 596 1475 quid
611 1396 691 1455 enim
707 1395 820 1474 majore
835 1395 983 1456 cachinno

159 1506 316 1586 excipitur
328 1506 423 1587 vulgi,
438 1527 530 1587 quam
544 1501 660 1586 pauper
674 1507 822 1586 Apicius?
845 1507 941 1567 omnis

160 1619 328 1694 convictus,
339 1619 486 1705 thermae,
501 1621 652 1693 stationes,
667 1640 755 1680 omne
769 1620 921 1680 theatrum

161 1734 203 1794 de
218 1733 332 1794 Rutilo.
373 1754 446 1793 nam
461 1734 533 1794 dum
549 1733 653 1796 valida
668 1755 703 1794 ac
720 1733 878 1813 juvenalia
892 1733 1028 1796 membra
1102 1735 1121 1794 5

159 1846 317 1908 sufficiunt
331 1847 436 1926 galeae
451 1847 583 1926 dumque
597 1847 705 1907 ardent
719 1846 873 1926 sanguine,
888 1846 986 1907 fertur

162 1959 241 2034 (non
256 1968 380 2038 cogente
396 1958 528 2038 quidem,
543 1958 594 2018 sed
609 1979 664 2019 nec
679 1958 856 2039 prohibente
871 1959 1008 2039 tribuno)

160 2072 331 2151 scripturus
345 2071 425 2150 leges
439 2080 469 2133 et
483 2072 567 2151 regia
582 2071 675 2133 verba
689 2071 825 2133 lanistae.

161 2183 276 2245 multos
290 2205 380 2264 porro
395 2184 489 2255 vides,
505 2204 578 2263 quor
593 2204 681 2263 saepe
694 2184 794 2245 elusus
809 2185 847 2244 ad
864 2185 963 2265 ipsum

161 2298 295 2384 creditor
308 2298 466 2358 introitum
482 2297 558 2357 solet
571 2306 745 2376 exspectare
759 2297 888 2371 macelli,
1003 2323 1007 2328 ·
1083 2298 1122 2361 10

161 2421 195 2473 et
209 2410 318 2490 quibus
332 2411 365 2470 in
379 2409 441 2471 solo
456 2409 580 2471 vivendi
594 2430 686 2470 causa
699 2410 802 2489 palato
817 2418 868 2471 est.

161 2521 301 2601 egregius
315 2528 403 2580 cenat
416 2519 583 2597 meliusque
597 2518 781 2579 miserrimus
795 2519 904 2580 horum

160 2650 195 2696 et
209 2635 268 2704 cito
282 2653 405 2694 casurus
421 2633 486 2712 jam
501 2631 675 2710 perlucente
689 2632 786 2692 ruina.

160 2751 279 2809 interea
293 2754 397 2826 gustus
411 2744 559 2806 elementa
572 2745 741 2823 peremnia
756 2753 914 2824 quaerunt,

161 2880 332 2941 numquam
346 2859 448 2919 animo
462 2858 566 2937 pretiis
580 2857 786 2930 obstantibus3
806 2859 933 2919 interius
946 2858 971 2919 si
1083 2859 1121 2920 15

161 2973 319 3046 adtendas,
334 2970 430 3049 magis
444 2969 499 3030 illa
515 2970 628 3049 juvant
641 2991 719 3050 quae
733 2971 829 3049 pluris
843 2979 993 3032 emuntur.

161 3107 235 3166 ergo
249 3087 326 3146 haut
340 3083 462 3145 difficile
476 3092 520 3144 est
533 3084 700 3163 perituram
715 3105 860 3145 arcessere
874 3105 1024 3146 summam

162 3196 304 3258 lancibus
318 3197 461 3277 oppositis
476 3196 526 3258 vel
541 3195 646 3256 matris
659 3195 792 3275 imagine
805 3197 911 3270 fracta,

161 3321 195 3373 et
209 3310 437 3391 quadringentis
452 3310 583 3371 nummis
598 3310 720 3372 condire
733 3311 873 3390 gulosum

160 3424 275 3486 fictile:
296 3423 338 3493 sic
352 3423 481 3486 veniunt
494 3423 534 3485 ad
548 3422 742 3484 miscellanea
756 3423 831 3484 ludi.

633 3534 659 3588 G
