2536 3806
168 228 211 290 30
420 241 597 288 arvum
627 242 876 288 rvvnulnrs

167 400 311 462 viderunt
324 420 385 459 uno
399 406 571 458 contentam
585 418 704 458 carcere
718 399 857 458 Romam.

208 514 268 573 His
281 513 357 573 alias
371 520 506 592 poteram
521 520 551 571 et
564 511 660 590 pluris
673 511 849 573 subnectere
863 535 977 588 causas,
1071 518 1125 577 315

167 626 218 688 sed
228 627 368 706 jumento
380 633 500 697 vocant,
515 632 545 683 et
558 623 602 683 sol
617 623 755 698 inclinat,
769 625 904 685 eundum
919 635 980 700 est;

166 757 238 797 nam
253 735 329 794 mihi
342 743 493 795 commota
502 733 675 813 jandudum
690 734 785 795 mulio
798 735 889 815 virga

167 846 283 906 annuit.
292 866 411 924 -ergo
423 844 495 906 vale
508 844 602 904 nostri
616 864 739 917 memor,
754 853 784 904 et
799 846 935 924 quotiens
951 856 981 907 te

167 958 266 1018 Roma
277 966 330 1018 tuo
344 957 425 1018 refici
440 965 651 1036 properantem
665 956 770 1016 reddet
784 956 918 1035 Aquino,

167 1091 215 1131 me
224 1070 390 1151 quoquead
400 1069 569 1131 Helvinam
575 1067 713 1128 Cererem
720 1049 911 1149 vestramque
919 1069 1053 1130 Dianam
1068 1072 1124 1130 320

167 1193 308 1246 converte
321 1203 340 1243 a
354 1183 473 1244 Cumis:
495 1190 667 1241 saturarum
681 1200 747 1260 ego,
759 1181 792 1240 ni
806 1182 901 1260 pudet
915 1182 993 1256 illas,

167 1304 288 1383 adjutor
301 1301 416 1383 gelidos
429 1301 551 1362 veniam
565 1299 713 1380 caligatus
726 1299 759 1358 in
773 1300 879 1380 agros!

618 1510 676 1572 IV.

167 1641 248 1703 Ecce
261 1641 372 1724 iterum
386 1640 551 1720 Crispinus,
566 1648 596 1700 et
609 1648 654 1700 est
668 1640 743 1699 mihi
757 1660 846 1719 saepe
858 1641 1014 1702 vocandus

167 1755 207 1816 ad
221 1763 329 1833 partes,
343 1762 511 1814 monstrum
525 1752 612 1813 nulla
625 1753 740 1814 virtute
754 1754 944 1832 redemptum

166 1887 186 1927 a
199 1867 290 1939 vitiis,
305 1886 413 1945 aegrae
426 1865 549 1944 solaque
563 1865 690 1926 libidine
704 1866 796 1926 fortes

167 1977 308 2040 deliciae:
330 1978 438 2040 viduas
452 1986 573 2038 tantum
586 1988 747 2057 spernatur
761 1979 890 2040 adulter.
953 1959 957 1966 ¹

167 2092 240 2173 quid
255 2092 460 2170 refertigitur,
475 2093 596 2172 quantis
605 2094 746 2171 jumenta
760 2094 868 2174 fatiget

166 2202 340 2282 porticibus,
354 2211 470 2282 quanta
482 2223 640 2263 nemorum
655 2212 791 2265 vectetur
805 2205 838 2263 in
852 2205 968 2276 umbra,

172 2316 281 2395 jugera
295 2324 368 2394 quot
381 2315 483 2375 vicina
496 2315 569 2389 foro,
587 2336 661 2396 quas
676 2317 783 2378 emerit
797 2318 905 2377 aedes?

166 2447 254 2488 nemo
268 2427 366 2487 malus
379 2426 464 2500 felix,
479 2427 603 2488 minime
618 2438 776 2508 corruptor
790 2438 820 2489 et
833 2429 913 2489 idem

165 2542 304 2614 incestus,
318 2562 386 2601 cum
402 2562 462 2620 quo
476 2561 573 2620 nuper
586 2541 700 2603 vittata
708 2542 831 2622 jacebat

165 2656 311 2736 sanguine
324 2657 425 2716 adhuc
437 2656 510 2719 vivo
524 2665 636 2716 terram
651 2655 789 2716 subitura
803 2658 948 2718 sacerdos.
1086 2662 1123 2720 10

164 2771 216 2831 sed
230 2791 311 2831 nunc
325 2771 364 2830 de
377 2770 464 2831 factis
478 2770 642 2830 levioribus
651 2778 731 2830 —et
745 2778 846 2830 tamen
861 2771 939 2832 alter

164 2883 189 2944 si
203 2883 319 2944 fecisset
333 2883 422 2956 idem,
437 2885 556 2944 caderet
570 2883 626 2944 sub
637 2884 742 2964 judice
755 2904 891 2957 morum;

164 3019 235 3058 nam
250 2999 330 3078 quod
346 3008 434 3078 turpe
449 2998 542 3072 bonis,
557 2998 637 3058 Titio
653 2998 789 3078 Solaque,
803 2996 929 3058 decebat
1039 3033 1046 3063 κ

164 3111 336 3191 Crispinum
345 3113 466 3191 —quid
480 3133 560 3191 agas,
575 3132 644 3172 cum
658 3111 725 3171 dira
739 3119 768 3172 et
782 3110 897 3171 foedior
910 3112 992 3171 omni

164 3226 289 3286 crimine
303 3247 430 3306 persona
443 3227 508 3286 est?
528 3226 659 3286 mullum
672 3247 726 3286 sex
740 3224 864 3285 milibus
879 3225 960 3297 emit,
1084 3227 1121 3286 15

164 3347 343 3416 aequantem
357 3358 429 3398 sane
442 3337 567 3415 paribus
581 3339 716 3398 sestertia
731 3337 826 3409 libris,

164 3457 200 3508 ut
213 3447 372 3527 perhibent
386 3449 439 3527 qui
453 3448 491 3508 de
504 3449 621 3526 magnis
635 3449 751 3526 majora
765 3448 941 3526 loquuntur.
