2536 3806
191 183 233 248 74
438 204 478 251 n.
494 204 616 252 IVNII
644 205 891 253 rvvarrnnrs

229 357 334 420 Refert
347 379 427 438 ergo,
442 360 508 439 quis
521 360 596 421 haec
611 360 715 422 eadem
730 370 832 441 paret:
854 362 885 421 in
901 361 1009 424 Rutilo
1022 383 1095 424 nam

188 468 312 529 luxuria
326 480 378 543 est,
393 471 425 530 in
440 471 585 532 Ventidio
600 472 754 533 laudabile
768 493 878 533 nomen

187 583 280 643 sumit
294 593 323 644 et
337 605 355 644 a
369 605 458 645 censu
473 585 586 646 famam
601 587 705 646 trahit.
745 586 834 646 illum
850 607 904 666 ego
920 589 991 667 jure

188 698 359 778 despiciam,
375 700 427 779 qui
441 700 505 773 scit,
520 710 633 780 quanto
647 700 805 761 sublimior
819 700 910 762 Atlas

188 811 326 872 omnibus
341 812 373 872 in
388 812 489 891 Libya
502 814 542 874 sit
556 814 717 888 montibus,
731 814 781 874 hic
795 823 897 876 tamen
912 815 993 876 idem
1107 816 1146 876 25

187 923 314 1002 ignoret,
329 934 477 1003 quantum
491 924 604 986 ferrata
618 926 708 987 distet
721 925 761 987 ab
774 909 847 988 arca

187 1035 332 1096 sacculus.
374 1057 390 1096 e
404 1036 487 1097 caelo
501 1037 654 1099 descendit
670 1035 769 1122 γνῶθι
787 1035 935 1112 σεαυτόν,

187 1148 341 1228 figendum
355 1158 386 1210 et
400 1151 526 1211 memori
540 1152 731 1212 tractandum
746 1163 875 1232 pectore,
889 1154 952 1216 sive

188 1262 360 1342 conjugium
375 1283 501 1342 quaeras
514 1264 563 1326 vel
578 1265 655 1325 sacri
669 1265 702 1324 in
715 1276 801 1345 parte
815 1275 935 1326 senatus

188 1394 249 1434 esse
263 1374 354 1447 velis;
378 1395 475 1454 neque
489 1377 569 1436 enim
583 1375 707 1437 loricam
722 1377 817 1456 poscit
831 1376 963 1438 Achillis
1070 1419 1084 1432 -
1107 1381 1148 1443 30

187 1488 346 1561 Thersites,
361 1489 392 1547 in
408 1509 468 1567 qua
482 1509 513 1548 se
527 1489 741 1550 transducebat
754 1490 880 1564 Ulixes;
929 1511 930 1514 ’

188 1603 351 1682 ancipitem
365 1622 416 1662 seu
432 1611 465 1662 tu
480 1623 590 1682 magno
604 1603 777 1664 discrimine
791 1625 913 1665 causam

187 1727 343 1800 protegere
358 1717 500 1792 adfectas,
515 1727 545 1778 te
558 1719 689 1793 consule,
703 1719 752 1780 dic
767 1719 822 1780 tibi
837 1721 889 1799 qui
903 1701 955 1795 sis,¹

187 1843 289 1896 orator
302 1835 471 1909 vehemens,
486 1856 526 1896 an
540 1834 663 1897 Curtius
677 1844 707 1896 et
720 1834 828 1896 Matho
844 1835 963 1898 buccae.
1002 1881 1005 1888 ,

187 1950 337 2009 noscenda
352 1959 396 2009 cst
409 1969 549 2010 mensura
562 1950 609 2010 sui
623 1950 845 2029 spectandaque
860 1950 948 2012 rebus
1106 1955 1146 2016 35

187 2065 219 2126 in
233 2065 357 2126 summis
371 2065 569 2144 minimisque,
584 2065 674 2126 etiam
691 2086 760 2126 cum
774 2066 862 2145 piscis
877 2075 1008 2142 emetur3

186 2198 225 2239 ne
239 2178 368 2238 mullum
384 2178 494 2257 cupias,
510 2197 578 2238 cum
593 2178 633 2238 sit
647 2178 703 2239 tibi
717 2178 806 2258 gobio
821 2188 941 2240 tanturn

186 2291 218 2350 in
233 2290 347 2351 loculis.
389 2291 456 2369 quis
470 2290 549 2351 enim
565 2297 595 2351 te
608 2289 764 2352 deficiente
778 2291 916 2352 crumina

187 2413 217 2464 et
231 2413 378 2464 crescente
392 2403 465 2482 gula
479 2411 581 2464 manet
594 2403 702 2477 exitus,
717 2424 785 2465 aere
799 2412 924 2483 paterno

186 2537 222 2579 ac
237 2517 324 2578 rebus
338 2519 441 2578 mersis
454 2518 486 2578 in
501 2527 638 2580 ventrem
652 2517 763 2578 fenoris
777 2526 868 2598 atque
1102 2522 1144 2583 40

187 2629 303 2708 argenti
317 2629 419 2709 gravis
433 2637 463 2690 et
477 2650 617 2709 pecorum
634 2649 836 2709 agrorumque
850 2631 1013 2708 capacem?

186 2740 298 2802 talibus
313 2762 331 2802 a
345 2742 474 2820 dominis
488 2751 555 2821 post
569 2752 678 2803 cuncta
691 2742 871 2804 novissimus
885 2743 949 2804 exit

186 2856 304 2930 anulus,
318 2865 349 2918 et
362 2856 458 2935 digito
473 2856 623 2917 mendicat
637 2855 736 2917 Pollio
751 2857 841 2918 nudo.

185 2991 246 3032 non
260 2971 445 3050 praematuri
459 2971 572 3032 cineres
585 2991 639 3031 nec
653 2970 743 3032 funus
757 2971 900 3033 acerbum

186 3083 334 3155 luxuriae,
349 3082 400 3143 sed
415 3091 510 3144 morte
524 3082 619 3160 magis
633 3082 794 3143 metuenda
808 3091 951 3145 senectus.
1101 3089 1140 3149 45

185 3199 218 3260 hi
232 3199 409 3279 plerumque
423 3199 551 3279 gradus:
573 3199 722 3260 conducta
735 3199 864 3278 pecunia
879 3199 995 3261 Romae

186 3318 216 3371 et
230 3329 330 3369 coram
345 3308 473 3368 dominis
487 3309 689 3382 consumitur;
710 3309 780 3370 inde
794 3309 847 3370 ubi
861 3310 988 3390 paulum

186 3419 284 3479 nescio
299 3419 371 3497 quid
386 3427 520 3496 superest
533 3428 563 3479 et
577 3419 672 3497 pallet
685 3421 795 3482 fenoris
810 3430 924 3496 auctor,
