2536 3806
157 232 199 294 36
406 244 585 291 o.1vrr11
614 212 862 290 rvvnusnrs

614 479 653 541 V.

155 629 188 692 si
201 638 232 691 te
245 626 390 710 propositi
403 625 538 687 nondum
552 625 646 704 pudet
659 634 750 704 atque
764 625 868 687 eadem
883 635 927 688 est
940 648 1034 702 mens,

155 753 190 804 ut
203 743 283 805 bona
296 761 414 803 summa
428 748 514 819 putes
529 739 629 799 aliena
643 738 745 799 vivere
760 740 885 818 quadra,

154 857 180 916 si
193 866 277 936 potes
291 855 346 915 illa
359 853 433 934 pati,
447 872 524 931 quae
537 871 592 911 nec
606 851 782 928 Sarmentus
794 851 914 932 iniquas

155 969 291 1030 Caesaris
305 967 344 1028 ad
358 985 476 1026 mensas
489 985 544 1024 nec
558 963 628 1025 vilis
643 962 753 1023 Gabba
767 963 893 1038 tulisset,

155 1081 294 1161 quamvis
303 1081 406 1161 jurato
421 1085 554 1138 metuam
568 1076 625 1136 tibi
639 1076 759 1137 credere
773 1077 851 1138 testi.

155 1202 260 1257 ventre
273 1191 350 1252 nihil
365 1189 437 1252 novi
450 1188 614 1282 frugalium
635 1188 693 1248 hoc
706 1197 807 1249 tamen
823 1189 922 1269 ipsum

155 1306 295 1368 defecisse
308 1312 391 1384 puta,
406 1302 487 1383 quod
501 1302 584 1362 inani
598 1301 708 1362 sufficit
721 1301 810 1363 alvo:

153 1421 241 1481 nulla
255 1419 376 1498 crepido
389 1417 500 1479 vacat?
519 1436 669 1496 nusquam
683 1437 758 1494 pons
772 1425 802 1476 et
816 1417 921 1496 tegetis
934 1437 1005 1498 pars

154 1533 282 1594 dimidia
295 1531 435 1593 brevior?
455 1529 573 1590 tantine
587 1528 699 1608 injuria
714 1530 825 1589 cenae?

153 1655 216 1706 tam
227 1644 333 1724 jejuna
345 1642 449 1714 fames,
463 1661 532 1701 eum
548 1639 642 1719 possit
654 1639 806 1700 honestius
821 1638 886 1700 illic
1074 1643 1115 1703 10

154 1768 183 1820 01
198 1767 325 1819 tremere
338 1764 368 1816 01
381 1754 482 1815 sordes
496 1754 585 1814 farris
601 1753 737 1815 mordere
752 1755 873 1815 canini?

194 1870 297 1931 Primo
311 1869 370 1948 fige
383 1867 458 1940 loco,
473 1868 553 1946 quod
567 1876 601 1928 tu
617 1867 803 1928 discumbere
812 1869 913 1947 jussus

153 1981 319 2042 mercedem
333 1980 461 2042 solidam
476 1989 611 2041 veterum
627 1981 709 2059 capis
724 1981 897 2042 officiorum.

153 2096 269 2157 fructus
283 2094 434 2156 amicitiae
449 2114 577 2173 magnae
593 2093 694 2166 cibus;
714 2094 835 2173 inputat
849 2094 931 2155 hunc
944 2116 1008 2168 rex,

153 2221 183 2274 et
196 2211 335 2291 quamvis
348 2230 452 2270 rarum
465 2218 567 2270 tamen
583 2209 711 2288 inputat.
753 2229 823 2288 crgo
837 2209 911 2270 duos
924 2220 992 2289 post
1073 2213 1113 2272 15

152 2327 177 2387 si
192 2325 282 2386 libuit
296 2344 409 2385 menses
422 2323 592 2403 neglectum
606 2322 749 2382 adhibere
763 2321 912 2396 clientem,

154 2439 243 2501 tertia
255 2459 294 2499 ne
307 2458 404 2501 vacuo
418 2444 545 2498 cessaret
559 2435 671 2496 culcita
685 2435 770 2509 lecto,

154 2559 232 2616 ‘una
245 2554 354 2615 simus'
369 2553 421 2615 ait.
463 2561 602 2615 votorum
619 2551 752 2611 summa!
794 2549 867 2630 quid
882 2550 964 2611 ultra

154 2668 289 2748 quaeris?
302 2667 393 2728 habet
403 2665 538 2739 Trebius,
550 2662 764 2744 propterquod
776 2683 915 2742 rumpere
925 2683 1062 2725 somnum

153 2780 261 2842 debeat
274 2788 304 2841 et
318 2778 428 2858 ligulas
443 2776 602 2849 dimittere,
619 2775 765 2836 sollicitus
779 2795 818 2835 ne
1072 2779 1111 2838 20

152 2899 218 2952 tota
230 2889 393 2951 salutatrix
402 2889 466 2968 jam
482 2886 572 2947 turba
587 2885 735 2966 peregerit
749 2884 860 2958 orbern,

153 3003 300 3065 sideribus
313 3001 421 3075 dubiis,
436 3010 489 3062 aut
503 3001 557 3061 illo
571 3009 705 3079 tempore
718 3019 777 3078 quo
791 3020 822 3060 se

153 3115 264 3206 frigida
278 3113 488 3192 circumagunt
501 3111 581 3190 pigri
595 3131 712 3172 serraca
726 3110 849 3172 Bootae.

194 3228 302 3306 Qualis
316 3247 390 3288 cena
403 3227 526 3288 tamen?
545 3226 660 3298 vinum,
675 3225 756 3304 quod
769 3225 874 3286 sucida
887 3225 965 3286 nolit

154 3343 225 3404 lana
238 3342 319 3422 pati:
341 3341 378 3402 de
393 3341 521 3402 conviva
536 3339 711 3420 Corybanta
726 3340 849 3400 videbis.
1072 3343 1111 3402 25

157 3455 261 3536 jurgia
274 3454 441 3534 proludunt
449 3474 457 3526 ;
477 3452 529 3513 sed
544 3473 615 3514 mox
629 3462 659 3515 et
672 3454 782 3533 pocula
795 3462 916 3533 torques
