2536 3806
147 191 190 254 14
396 209 574 254 n.1vu11
603 205 850 254 rvvuusms

145 386 199 444 per
213 385 302 444 quem
316 385 444 443 magnus
458 384 549 444 equos
563 361 728 424 Auruncae
741 361 829 423 flexit
842 361 993 438 alumnus,
1064 365 1099 426 20
1127 361 1131 370 ’

143 479 168 538 si
183 486 274 540 vacat
288 498 324 538 ac
338 478 451 557 placidi
466 477 613 537 rationem
628 476 797 549 admittitis,
812 476 909 536 edam.

183 587 262 649 Cum
277 597 361 649 tener
374 608 500 648 uxorem
515 587 607 648 ducat
620 587 724 666 spade,
738 585 842 648 Mevia
858 585 990 647 Tuscum

143 701 217 781 figat
231 723 340 782 aprum
354 710 385 762 et
398 702 482 762 nuda
495 710 598 762 teneat
610 700 764 763 venabula
779 720 921 774 mamma,

42 853 43 857 =
142 815 284 894 patricios
298 815 395 876 omnis
409 815 516 894 opibus
531 835 600 875 cum
614 822 757 893 provocet
770 833 849 874 unus

142 947 201 1006 quo
216 927 358 988 tondente
371 927 473 1006 &cavis
482 926 589 1007 juveni
604 926 680 985 mihi
694 925 790 987 barba
804 926 939 1000 sonabat,
1064 929 1100 988 25

142 1060 211 1100 cum
225 1059 295 1119 pars
309 1039 448 1102 Niliacae
461 1040 566 1120 plebis,
582 1060 651 1102 cum
665 1059 760 1101 verna
775 1039 891 1119 Canopi

141 1151 306 1233 Crispinus,
320 1153 428 1234 Tyrias
442 1174 545 1214 umero
560 1162 721 1214 revocante
735 1153 880 1226 lacernas,

142 1265 268 1328 ventilet
281 1266 429 1326 aestivum
444 1266 546 1345 digitis
560 1265 739 1328 sudantibus
755 1285 876 1339 aurum,

141 1400 195 1440 nec
209 1379 332 1441 sufferre
346 1390 437 1458 queat
451 1379 571 1458 majoris
585 1378 720 1458 pondera
733 1398 879 1458 gemmae,

141 1489 262 1551 difficile
276 1500 320 1550 est
332 1499 467 1549 saturam
481 1509 542 1549 non
555 1487 692 1548 scribere.
731 1509 802 1549 nam
817 1489 884 1568 quis
897 1489 1020 1570 iniquae
1060 1493 1098 1554 30

140 1616 204 1667 tam
218 1607 334 1686 patiens
349 1605 441 1678 urbis,
455 1613 518 1666 tam
533 1604 655 1677 ferreus,
670 1611 704 1664 ut
718 1613 819 1664 teneat
833 1624 872 1677 se,

141 1719 284 1780 causidici
298 1739 377 1781 nova
391 1739 460 1778 cum
475 1717 578 1780 veniat
592 1716 700 1778 lectica
714 1715 870 1778 Mathonis

140 1833 231 1912 plena
245 1833 317 1912 ipso,
332 1831 494 1910 posthunc
508 1830 611 1910 magni
626 1829 743 1892 delator
756 1829 847 1892 amici

140 1956 170 2008 et
183 1947 243 2008 cito
257 1959 399 2028 rapturus
414 1949 451 2010 de
465 1949 623 2011 nobilitate
638 1969 756 2012 comesa

140 2063 220 2144 qued
231 2072 372 2142 superest,
382 2085 471 2143 quem
480 2063 582 2124 Massa
590 2065 685 2137 timet,
695 2084 785 2144 quem
796 2084 919 2126 munere
929 2063 1037 2144 palpat

139 2174 235 2236 Carus
249 2184 279 2236 et
292 2197 311 2236 a
325 2176 442 2255 trepido
457 2175 603 2255 Thymele
617 2177 776 2238 summissa
789 2177 922 2238 Latino?
1058 2176 1096 2238 36

139 2287 212 2365 quid
227 2288 354 2348 referam
369 2297 483 2369 quauta
496 2289 609 2350 siccum
621 2290 708 2370 jecur
721 2289 827 2350 ardeat
841 2289 895 2363 ira,
1057 2291 1096 2351 45

138 2421 207 2461 cum
222 2402 369 2481 populum
383 2402 523 2482 gregibus
538 2403 681 2465 comitum
696 2405 806 2483 premit
820 2404 869 2463 hic
883 2403 1027 2482 spoliator

138 2512 247 2591 pupilli
263 2514 446 2592 prostantis?
466 2514 560 2575 ethic
574 2514 734 2575 damnatus
752 2515 836 2576 inani

141 2624 258 2703 judicio
273 2625 361 2704 (quid
375 2625 456 2686 enim
469 2626 562 2687 salvis
576 2625 702 2686 infamia
716 2626 847 2686 nummis
857 2627 884 2705 l)

137 2737 209 2798 exul
224 2737 263 2798 ab
278 2747 386 2800 octava
400 2738 517 2800 Marius
532 2738 610 2800 bibit
624 2750 653 2800 et
667 2739 780 2800 fruitur
794 2739 840 2800 dis

137 2849 230 2922 iratis,
245 2859 278 2910 at
291 2859 325 2910 tu
339 2849 452 2913 victrix
465 2851 623 2928 provincia
637 2851 758 2930 ploras?
1058 2855 1097 2916 50

177 2960 264 3021 Haec
279 2981 333 3040 ego
347 2980 408 3021 non
422 2961 543 3022 credam
558 2961 716 3024 Venusina
730 2963 823 3043 digna
836 2961 982 3025 lucerna?

137 3073 211 3134 haec
225 3094 279 3153 ego
294 3094 354 3135 non
369 3074 502 3153 agitem?
521 3075 573 3136 sed
587 3075 661 3156 quid
677 3076 792 3155 magis?
826 3075 993 3138 Heracleas
1018 3110 1021 3116 ·

137 3196 191 3248 aut
205 3186 387 3248 Diomedeas
401 3198 457 3248 aut
470 3189 620 3268 mugitum
634 3188 802 3268 labyrinthi

138 3309 167 3361 et
182 3321 264 3361 mare
278 3321 450 3379 percussum
466 3321 558 3379 puero
572 3301 752 3381 fabrumque
766 3301 939 3362 volantem?

138 3434 207 3475 cum
222 3413 290 3476 leno
305 3414 435 3495 accipiat
449 3414 564 3476 moechi
579 3413 667 3488 bona,
682 3414 707 3476 si
722 3413 860 3495 capiendi
1056 3413 1096 3472 55
