2536 3806
91 317 94 322 ,
186 251 229 313 84
433 251 472 316 1)“.
489 269 611 316 rvurr
641 269 888 317 rvvsusnrs

185 421 294 483 urbani
308 423 429 502 qualem
444 398 590 502 fugitivus
604 445 708 486 scurra
723 425 856 499 Catulli3

184 545 218 594 tn
233 535 321 594 miser
336 535 497 609 exclamas,
512 545 547 596 ut
560 535 700 597 Stentora
714 539 835 599 vincere
849 538 951 616 possis,

184 649 233 709 vel
247 649 347 728 potius
361 660 509 728 quantum
524 649 678 711 Gradivus
693 651 893 713 Homericus:
915 653 1028 727 ‘audis

183 761 205 823 J
207 761 335 841 uppiter‚
349 761 433 836 haec,
448 783 503 822 nec
517 762 604 823 labra
618 783 729 837 moves,
740 784 809 824 cum
824 765 943 826 mittere
960 785 1066 828 vocem

183 874 320 936 debueris
334 875 383 938 vel
398 895 584 936 marmoreus
599 875 649 937 vel
663 877 794 937 aeneus?
814 886 868 938 aut
882 897 937 938 cur
1084 880 1144 940 115

182 987 215 1046 in
229 987 358 1048 carbone
372 996 425 1048 tuo
440 987 545 1048 charta
559 988 611 1067 pia
624 997 695 1050 tura
708 989 807 1050 soluta

182 1103 321 1182 ponimus
336 1112 365 1163 et
379 1112 493 1164 sectum
507 1103 599 1164 vituli
614 1105 703 1184 jecur
716 1104 846 1185 albaque
860 1105 945 1184 porci

182 1216 325 1277 omenta?
346 1224 381 1277 ut
395 1215 492 1289 vide0,
508 1217 629 1277 nullum
643 1217 804 1278 discrimen
818 1217 993 1280 habendum
1008 1227 1053 1282 est

182 1328 293 1408 effigies
308 1329 387 1389 inter
401 1338 515 1392 vestras
529 1338 720 1410 statuamque
734 1330 877 1409 Vagelli’

172 1475 174 1479 ·
221 1442 345 1522 Accipe,
361 1464 438 1523 quae
452 1452 557 1505 contra
571 1445 673 1505 valeat
686 1444 798 1504 solacia
813 1444 890 1506 ferre
1083 1447 1143 1510 120

181 1565 211 1617 et
225 1557 278 1637 qui
292 1577 346 1618 neo
361 1559 480 1638 cynicos
494 1579 549 1618 nec
562 1558 657 1618 stoica
671 1558 813 1636 dogmata
827 1558 902 1638 legit

180 1688 200 1728 a
213 1669 326 1749 cynicis
340 1670 444 1730 tunica
458 1669 610 1743 distantia,
625 1690 685 1730 non
701 1669 870 1748 Epicurum

179 1781 304 1861 suspicit
318 1782 421 1861 exigui
435 1782 548 1842 laetum
563 1781 753 1860 plantaribus
766 1782 855 1843 horti.

180 1902 324 1954 curentur
337 1894 422 1954 dubii
436 1894 559 1954 medicis
573 1894 737 1974 majoribus
750 1895 850 1974 aegri3

179 2015 213 2068 tu
229 2027 337 2069 venam
351 2009 400 2069 vel
415 2009 562 2088 discipulo
577 2011 731 2071 committe
744 2010 890 2091 Philippi.
1079 2015 1140 2076 125

179 2120 204 2180 si
218 2121 338 2181 nullum
353 2120 385 2180 in
400 2121 487 2181 terris
501 2129 563 2182 tam
580 2121 757 2206 detestabile
771 2123 886 2186 factum

179 2233 318 2308 ostendis,
332 2242 426 2306 taceo,
440 2253 495 2294 nec
509 2233 618 2313 pugnis
633 2233 758 2294 caedere
771 2244 875 2314 pectus

179 2355 208 2406 te
222 2355 300 2419 veto,
315 2366 370 2406 nec
385 2345 478 2425 plana
491 2345 601 2407 faciem
616 2345 800 2407 contundere
813 2347 925 2426 palma,

178 2459 422 2540 quandoquidem
437 2469 560 2539 accepto
575 2458 744 2521 claudenda
763 2468 808 2520 ast
822 2461 919 2539 janua
934 2460 1056 2536 damno,

178 2582 208 2633 et
221 2574 333 2652 majore
347 2574 453 2634 domus
467 2573 590 2654 gemitu,
605 2574 717 2653 majore
731 2573 866 2634 tumultu
1077 2579 1135 2640 130

177 2685 366 2764 planguntur
380 2686 496 2745 nummi
511 2707 603 2766 quam
618 2685 733 2748 funera.
775 2707 863 2748 nemo
878 2686 1013 2750 dolorem

176 2795 264 2874 fingit
278 2795 309 2855 in
324 2795 381 2857 hoc
395 2817 475 2870 casu,
489 2807 601 2859 vestem
618 2796 760 2859 diducere
773 2818 923 2862 summam

176 2917 342 2983 contentus,
357 2929 469 2971 vexare
484 2910 585 2970 oeulos
602 2931 704 2972 umore
718 2919 838 2972 coacto:

176 3024 314 3104 ploratur
328 3023 460 3085 lacrimis
474 3025 584 3084 amissa
598 3025 726 3104 pecunia
740 3025 828 3088 veris.

175 3138 227 3199 sad
242 3138 267 3198 si
281 3146 390 3198 cuncta
403 3137 488 3198 vides
501 3138 595 3198 simili
609 3139 675 3198 sora
689 3138 780 3218 plena
795 3139 939 3219 querella,
1075 3140 1132 3202 135

175 3251 201 3312 si
215 3250 333 3312 deciens
347 3249 431 3310 lectis
445 3250 565 3311 diversa
580 3260 668 3329 parte
682 3249 803 3312 tabellis

175 3379 258 3420 vana
271 3358 451 3437 supervacui
465 3358 572 3418 dicunt
586 3358 789 3439 chirographa
803 3360 888 3440 ligni,

176 3469 278 3548 arguit
291 3469 424 3549 ipsorum
438 3487 512 3548 quos
526 3468 628 3532 littera
641 3490 820 3554 gemmaque
833 3473 974 3556 princeps
