2536 3806
506 181 680 227 sarvan
709 183 781 228 111.
1083 168 1125 231 23

162 337 190 398 si
203 336 279 398 bene
293 336 435 408 ructavit,
450 336 475 397 si
489 345 605 398 rectum
620 337 732 398 minxit
746 338 870 412 amicus,

161 449 189 510 si
203 449 298 512 trulla
311 452 430 513 inverso
444 451 592 529 crepitum
608 451 691 511 dedit
705 472 797 512 aurea
811 452 914 517 fundo.
1066 454 1124 516 108

161 571 193 622 et
207 563 351 641 quoniam
365 562 464 642 coepit
477 561 663 622 Graecorum
679 563 799 638 mentio,
814 566 908 625 transi
1066 566 1125 628 114

160 677 321 754 gymnasia
334 686 425 756 atquc
439 675 512 736 audi
526 675 643 736 facinus
658 677 779 756 majoris
793 677 921 740 abollae.

160 788 274 849 stoicus
286 789 397 850 occidit
411 789 542 849 Baream
557 788 682 862 delator,
698 789 830 850 amicum

160 901 404 980 discipulumque
418 921 519 974 senex,
534 901 602 981 ripa
614 902 747 962 nutritus
762 903 794 962 in
809 903 873 976 illa,

160 1013 307 1093 adquam
322 1013 474 1094 Gorgonei
489 1013 613 1093 delapsa
627 1023 671 1074 est
685 1015 779 1092 pinno
794 1015 914 1077 caballi.

159 1146 222 1186 non
236 1135 280 1186 est
293 1126 432 1187 Romano
446 1127 588 1206 cuiquam
602 1126 686 1187 locus
700 1127 759 1200 hic,
774 1128 826 1188 ubi
841 1138 948 1208 regnat

159 1239 343 1318 Protogenes
356 1239 466 1320 aliquis
480 1239 530 1303 vel
544 1239 690 1320 Diphilus
705 1249 759 1301 aut
773 1241 991 1316 Hermarchus,
1061 1243 1120 1306 120
1219 1245 1224 1262 ⁸

159 1354 212 1433 qui
227 1354 325 1432 gentis
339 1353 413 1414 vitio
428 1373 594 1432 numquam
608 1355 742 1432 partitur
755 1354 897 1427 amicum,

159 1465 240 1526 solus
254 1464 363 1537 habet3
383 1485 455 1524 nam
470 1485 539 1524 cum
554 1465 674 1526 facilem
689 1464 818 1528 stillavit
831 1465 864 1525 in
878 1485 982 1528 aurem

158 1577 304 1656 exiguum
319 1577 356 1637 de
370 1586 497 1638 naturae
511 1577 686 1657 patriaeque
700 1597 826 1652 veneno,

159 1691 264 1751 limine
278 1712 476 1764 summoveor,
491 1692 646 1771 perierunt
659 1701 797 1772 tempora
811 1693 894 1774 longi

158 1803 291 1876 servitii;
311 1824 460 1883 nusquam
475 1804 574 1865 minor
587 1813 632 1865 est
640 1805 763 1884 jactura
777 1804 902 1869 clientis.
1060 1807 1118 1868 125

198 1920 291 1998 Quod
305 1941 395 2000 porro
409 1921 549 1994 officium,
564 1941 602 1981 ne
615 1921 700 1980 nobis
715 1920 865 1993 blandiar,
880 1929 934 1988 aut
947 1920 1028 2001 quod

157 2025 363 2114 pauperis'hic
377 2036 528 2109 meritum,
543 2035 568 2096 si
582 2044 666 2097 curet
679 2044 767 2097 nocte
788 2045 909 2115 togatus

157 2168 286 2221 currere,
300 2168 370 2208 cum
384 2158 506 2228 praetor
519 2148 656 2209 lictorem
671 2148 810 2228 impellat
824 2158 854 2209 et
868 2149 912 2209 iro

156 2263 353 2342 praecipitem
363 2253 479 2342 jubeat,
494 2262 610 2322 dudum
625 2262 824 2342 vigilantibus
839 2261 929 2334 orbis,

156 2395 193 2435 ne
207 2375 291 2455 prior
304 2373 453 2436 Albinam
467 2383 497 2436 et
511 2375 648 2436 Modiam
663 2375 779 2455 collega
793 2375 923 2436 salutet?
1059 2377 1117 2444 130

156 2476 195 2548 da
209 2497 316 2549 testem
331 2489 447 2550 Romae
461 2498 525 2549 tam
539 2498 685 2562 sanctum,
700 2509 791 2569 quam
806 2488 865 2549 fuit
879 2488 985 2568 hospes
1058 2490 1115 2562 137

155 2601 288 2661 numinis
302 2599 397 2672 Idaei,
412 2601 556 2680 procedat
569 2601 619 2664 vel
633 2600 739 2662 Numa
752 2601 802 2664 vel
816 2601 869 2681 qui

154 2713 288 2775 servavit
301 2713 451 2792 trepidam
465 2713 608 2793 flagranti
623 2735 662 2774 ex
675 2714 749 2775 aede
764 2714 953 2776 Minervam:

154 2826 291 2904 protinus
306 2826 345 2887 ad
360 2847 491 2900 censum,
505 2828 543 2888 de
558 2828 691 2889 moribus
705 2827 815 2898 ultima
828 2828 881 2889 fiet
1056 2829 1114 2902 140

154 2940 297 3018 quaestio.
340 2944 357 2970 “
367 2950 440 3021 quot
454 2942 551 3020 pascit
565 2944 686 3005 servos?
706 2951 781 3023 quot
794 2941 925 3022 possidet
940 2942 1006 3022 agri

156 3053 286 3133 jugera?
307 3073 398 3132 quarn
413 3053 511 3114 multa
524 3075 695 3135 magnaque
708 3054 869 3134 paropside
883 3056 992 3118 cenat?
1001 3055 1017 3082 '³

154 3174 301 3244 quantum
316 3166 442 3245 quisque
455 3187 510 3227 sua
524 3188 716 3230 nummorum
731 3168 877 3233 servatio
892 3189 971 3242 arca,

153 3287 272 3339 tantum
287 3278 379 3338 habet
393 3287 423 3339 et
437 3278 514 3340 fidei.
552 3281 636 3360 jures
651 3280 723 3342 licet
736 3288 767 3342 et
780 3279 1012 3343 Samothracum

153 3398 182 3449 et
195 3399 367 3450 nostrorum
382 3410 458 3464 aras,
473 3399 663 3454 contemnere
676 3391 808 3452 fulmina
821 3411 938 3472 pauper
1052 3391 1110 3465 145
