2536 3806
167 201 208 264 28
415 215 454 262 n.
473 215 594 261 rvurr
624 210 871 260 Iuvannms

166 373 232 433 axis
246 382 276 433 et
291 392 428 432 eversum
442 370 522 430 fudit
536 389 626 448 super
640 366 762 446 agmina
776 374 918 438 montem,

166 485 239 565 quid
254 493 387 564 superest
398 485 435 545 de
449 483 643 563 corporibus?
664 481 730 561 quis
744 480 888 553 membra,
899 479 966 559 quis
980 501 1046 541 ossa

167 593 302 653 invenit?
324 591 470 651 obtritum
485 589 571 668 vulgi
585 589 664 668 perit
679 607 767 647 omne
782 587 912 646 cadaver
940 595 942 600 '
1069 589 1130 649 260

167 727 249 766 more
262 706 389 766 animae.
431 704 537 763 domus
552 702 667 762 interea
681 720 786 760 secura
799 699 927 779 patellas

170 821 236 900 jam
250 819 335 879 lavat
348 826 378 878 et
392 817 487 877 bucca
502 815 637 875 foculum
652 813 766 874 excitat
780 821 810 872 et
824 821 911 872 sonat
924 813 1022 873 unctis

166 932 321 1012 striglibus
335 940 365 992 et
378 931 468 1010 pleno
483 930 635 1009 componit
650 927 744 988 lintea
763 936 844 1007 guto.

167 1047 241 1106 haec
255 1046 333 1106 inter
346 1066 453 1124 pueros
467 1045 551 1107 varie
564 1051 773 1123 properantur,
787 1050 819 1101 at
833 1041 886 1101 ille

170 1160 236 1238 jam
249 1159 332 1218 sedet
346 1159 458 1238 inripa
473 1168 665 1238 taetrumque
680 1157 816 1217 novicius
830 1157 932 1216 horret
1069 1157 1130 1216 265

167 1272 333 1351 porthmea,
348 1293 403 1333 nco
416 1281 517 1351 sperat
531 1272 629 1332 cenosi
645 1271 772 1350 gurgitis
787 1270 893 1330 alnum

168 1383 284 1455 infelix,
298 1403 352 1443 nec
367 1383 459 1443 habet
474 1403 562 1462 quem
578 1383 714 1461 porrigat
728 1401 778 1440 ore
793 1380 941 1441 trientem.

209 1499 336 1577 Respice
349 1519 430 1558 nuno
445 1498 506 1558 alia
520 1519 556 1558 ac
570 1497 690 1559 diversa
705 1495 841 1575 pericula
855 1495 960 1567 noctis

169 1615 249 1693 quod
263 1615 394 1693 spatium
409 1614 495 1674 tectis
510 1612 698 1686 sublimibus,
714 1611 794 1672 unde
810 1609 964 1671 cerebrum

168 1736 244 1788 testa
258 1727 336 1800 ferit,
351 1727 487 1807 quotiens
502 1727 611 1787 rimosa
625 1735 655 1786 et
670 1733 756 1785 curta
771 1723 907 1784 fenestris
1070 1724 1130 1784 270

168 1861 242 1901 vasa
256 1839 374 1912 cadant,
389 1848 502 1919 quanto
517 1859 688 1918 percussum
703 1837 834 1917 pondere
848 1837 966 1916 signent

169 1961 199 2013 et
212 1952 335 2013 laedant
349 1951 471 2011 silicem.
514 1951 606 2030 possis
622 1951 749 2030 ignavus
765 1948 870 2009 haberi

169 2074 199 2125 et
211 2064 303 2125 subiti
317 2084 402 2124 casus
416 2063 601 2143 inprovidus,
616 2062 655 2122 ad
670 2083 774 2123 cenam
788 2062 813 2122 si

169 2180 326 2240 intestatus
340 2198 406 2238 cas:
428 2177 503 2237 adeo
517 2185 562 2236 tot
577 2176 649 2248 fata,
665 2184 738 2254 quot
752 2175 807 2235 illa

168 2300 256 2352 nocte
269 2299 374 2369 patent
388 2289 494 2369 vigiles
508 2298 538 2349 tc
554 2297 763 2368 praetereunte
777 2289 932 2350 fenestrae.
1069 2290 1129 2349 275

169 2427 239 2486 ergo
253 2415 336 2485 optes
350 2414 514 2484 votumque
528 2404 606 2463 feras
620 2404 790 2464 miserabile
804 2413 912 2478 tecum,

169 2529 203 2580 ut
217 2521 277 2580 sint
291 2527 447 2580 contentae
461 2518 582 2597 patulas
599 2517 763 2578 defundere
776 2518 885 2596 pelves.

169 2633 268 2693 ebrius
282 2653 317 2692 ac
330 2631 478 2711 petulans,
494 2631 546 2711 qui
562 2632 683 2692 nullum
700 2633 776 2693 forte
790 2634 907 2707 cecidit,

169 2745 222 2804 dat
235 2764 355 2823 poenas,
371 2751 487 2803 noctem
504 2743 620 2822 patitur
636 2743 767 2823 lugentis
781 2745 912 2805 amicum

169 2857 301 2930 Pelidae,
315 2857 407 2918 cubat
421 2857 452 2917 in
469 2858 585 2933 faciem,
602 2881 674 2920 mox
690 2860 797 2921 deinde
812 2860 944 2939 supinus.
1069 2862 1128 2923 280

170 2974 254 3051 [ergo
269 2991 329 3032 non
343 2971 432 3032 aliter
446 2975 556 3052 poterit
571 2974 723 3034 dormire?
743 2974 938 3053 quibusdam]

168 3105 305 3144 somnum
319 3085 387 3146 rixa
401 3086 482 3148 facit.
524 3088 584 3160 sed,
599 3087 737 3166 quamvis
751 3086 906 3166 improbus
920 3088 1007 3149 annis

168 3203 259 3274 atque
273 3216 354 3256 mero
369 3197 496 3270 fervens,
511 3205 599 3258 cavet
612 3197 703 3270 hunc,
718 3217 807 3276 quem
823 3197 944 3258 coccina
957 3197 1046 3260 laena

169 3309 260 3369 vitari
269 3309 357 3388 jubet
371 3318 401 3369 et
416 3310 559 3369 comitum
574 3309 764 3389 longissimus
778 3310 860 3383 ordo,

169 3421 300 3481 multum
314 3430 470 3501 praeterea
483 3420 676 3482 flammarum
690 3430 721 3484 et
733 3427 827 3483 alinea
841 3421 975 3502 lampas;
1067 3425 1127 3485 285
