2516 3806
184 233 247 298 108
423 251 466 299 1).
481 252 605 299 lvnn
632 252 880 299 rvvnrrsnrs

180 406 267 466 milis
280 405 445 467 clavorum.
486 409 554 487 quis
567 419 631 468 tem
645 409 754 488 procu]
769 407 849 468 absit
862 408 902 468 ab
916 408 992 470 urbe
1099 412 1133 471 25

179 530 344 599 praetereo,
358 521 425 599 quis
438 532 502 580 tam
516 520 658 600 Pylades,
672 521 783 580 molem
797 520 915 600 aggeris
928 520 1012 582 ultre

179 642 215 691 ut
230 613 354 692 veniet?
374 631 517 691 lacrimae
531 633 681 692 siccentur
694 633 841 711 pmtinus,
855 643 929 693 etse

178 754 373 804 excusaturos
386 764 447 803 non
461 743 657 804 sollicitemus
670 745 790 805 amicos

177 857 371 916 ‘detestem'
386 856 485 935 judex
499 877 569 916 cum
582 856 704 930 dixerit,
716 857 829 918 sudent
844 857 897 917 ille

176 969 276 1029 nescio
289 970 366 1049 quis,
379 990 498 1049 pugnos
512 971 565 1048 qui
580 970 668 1044 vidit,
681 971 782 1032 dicere
796 971 895 1043 ‘vidi,’
1099 973 1135 1033 30
1253 1013 1254 1056 1

176 1101 207 1144 et
221 1084 342 1144 credam
356 1084 483 1163 dignum
501 1084 595 1145 barbe
609 1086 795 1164 dignumque
807 1085 926 1164 cupillis
947 1099 952 1108 '

176 1199 334 1277 majorum
376 1197 466 1256 citius
481 1198 590 1258 falsum
604 1198 770 1278 producere
783 1207 888 1258 testem

176 1318 282 1369 contra
295 1328 447 1388 paganum
466 1311 568 1388 pomis,
582 1330 674 1388 quam
688 1330 761 1369 vero
774 1309 945 1388 loquentem

176 1431 281 1482 contra
296 1421 448 1482 fortunam
464 1423 575 1483 armati
589 1433 753 1502 contraque
765 1422 920 1502 pudorem.

218 1535 358 1596 Proemis
374 1557 456 1598 nuuc
470 1537 532 1597 ulie
545 1548 638 1616 atque
650 1537 712 1597 alin
726 1536 928 1596 emolumenta
942 1545 1081 1597 notemus
1098 1537 1137 1598 35

176 1659 440 1710 sacramentorum.
483 1651 652 1712 convallem
667 1651 746 1711 ruris
758 1649 835 1711 aviti

175 1761 330 1840 improbus
347 1773 402 1823 aut
416 1784 556 1842 campum
572 1765 647 1822 mihi
661 1764 687 1824 si
701 1763 818 1824 vicinus
831 1763 952 1836 ademit,

176 1881 207 1933 et
219 1892 338 1932 sacrum
353 1872 455 1933 effodit
470 1874 568 1934 medio
583 1874 621 1934 de
634 1873 732 1933 limite
744 1893 862 1946 saxum,

175 1986 256 2066 quod
271 2007 338 2047 mea
352 2007 421 2046 eum
435 1987 540 2066 patulo
555 1987 649 2047 coluit
661 1987 731 2067 puls
744 2005 847 2074 annuc
860 1985 931 2059 libo,

175 2100 294 2162 debitor
307 2111 362 2161 aut
377 2110 510 2180 sumptos
525 2100 623 2179 pergit
636 2121 698 2160 non
712 2099 836 2159 reddere
849 2118 996 2173 nummos,
1097 2089 1138 2164 210

175 2232 256 2272 vana
269 2213 448 2292 supervacui
467 2212 568 2272 dicens
582 2211 784 2291 chirographa
798 2210 882 2290 ligni,

175 2325 380 2404 expectandus
394 2327 452 2388 erit
465 2327 517 2405 qui
532 2325 599 2386 lites
613 2326 733 2386 inchoet
746 2345 843 2385 eunus

175 2438 266 2498 totius
280 2439 393 2519 populi.
438 2439 490 2499 sed
504 2448 577 2500 tunc
591 2458 709 2517 quoque
723 2437 808 2497 mille
821 2437 944 2518 ferenda

175 2551 284 2625 toedio,
299 2552 382 2612 mille
397 2573 515 2613 morae:
540 2551 648 2612 totiens
662 2549 804 2610 subsellia
819 2557 937 2609 tontum

174 2673 367 2737 stemuntur;
385 2667 449 2745 jam
466 2665 596 2726 facundo
615 2670 743 2743 ponente
757 2661 892 2722 lacernas
1096 2667 1139 2726 4:

174 2777 315 2841 Caedicio
329 2788 359 2839 et
374 2779 473 2840 Fusco
489 2781 554 2858 jam
571 2777 770 2849 micturiente,
783 2775 884 2855 parati

174 2891 369 2971 digredimur,
385 2891 526 2972 lentaque
541 2892 598 2953 fori
613 2910 784 2971 pugnamus
799 2889 920 2950 harene

174 3012 221 3064 est
234 3002 304 3076 illis,
319 3024 393 3083 quos
408 3024 493 3066 arma
506 3013 614 3084 tegunt
628 3015 657 3064 et
671 3003 789 3064 balteus
803 3001 908 3074 ambit,

174 3116 254 3197 quod
269 3116 415 3196 placitum
431 3125 475 3178 est
489 3117 561 3197 ipsis
575 3125 746 3196 praestetur
760 3125 878 3194 tempus
892 3113 1010 3194 agendi,

174 3251 228 3292 uec
243 3251 288 3292 res
303 3231 444 3292 atteritur
458 3232 548 3312 longo
563 3231 732 3292 sufflamine
746 3230 818 3291 litis.
1095 3233 1141 3296 50

213 3340 291 3400 Solis
306 3348 459 3418 praeterea
473 3342 603 3402 testandi
618 3340 766 3401 militibus
782 3342 833 3420 jus

175 3452 245 3515 vivo
260 3461 346 3529 patre
359 3451 466 3524 dutum
487 3473 558 3513 nem
572 3464 735 3532 quaesunt
749 3463 839 3533 perta
851 3453 955 3516 labore
