2536 3806
164 171 222 252 ,64
426 187 606 235 o.1vn11
634 188 882 236 1vvnnsn1s

176 341 336 403 Brutidius
351 363 435 404 meus
450 343 490 404 ad
504 343 614 405 Martis
628 343 688 405 fuit
701 343 808 406 obvius
822 366 916 406 aram.

175 479 267 538 quam
288 459 388 531 timeo,
409 458 507 520 vietus
529 477 569 518 ne
581 477 693 536 poenas
708 458 812 538 exigat
826 458 911 537 Ajax

175 581 210 632 ut
224 571 303 631 male
317 571 473 631 defensusl
496 589 653 631 curramus
667 570 848 649 praecipites
864 579 902 644 et,
1102 575 1141 636 85

175 683 249 742 dum
265 682 347 761 jacet
360 680 393 740 in
407 680 482 759 ripa,
499 679 648 741 calcemus
663 679 799 742 Caesaris
815 681 939 743 hostem.

175 796 227 856 sed
241 796 366 858 videant
379 795 467 868 servi,
482 815 520 855 ne
534 794 600 874 quis
615 803 704 874 neget
718 804 748 856 et
761 796 908 874 pavidum
923 797 955 856 in
971 798 1024 877 jus

176 908 291 970 cervice
305 908 448 970 obstricta
462 908 618 968 dominum
633 907 754 968 trahat?
796 909 829 968 hi
843 929 993 970 sermones

175 1033 248 1084 tuno
262 1022 300 1084 de
314 1022 431 1102 Sejano,
445 1030 558 1082 seoreta
572 1021 646 1083 haeo
662 1014 819 1084 murmuia
833 1023 927 1102 vulgi.

175 1137 260 1198 visne
274 1135 401 1199 salutari
414 1136 492 1196 sicut
506 1135 654 1215 Sejanus?
677 1135 788 1196 habere

175 1252 364 1325 tantundem,
379 1261 469 1331 atque
483 1251 530 1311 illi
544 1271 677 1311 summas
692 1251 806 1312 donare
820 1251 947 1325 curules,

176 1367 264 1427 illum
279 1366 460 1427 exercitibus
476 1349 675 1444 praeponere,
684 1372 767 1426 tutor
781 1364 887 1446 haberi
931 1449 933 1456 y

175 1480 319 1561 principis
334 1490 462 1559 angusta
476 1479 662 1559 Caprearum
677 1481 708 1540 in
724 1500 799 1560 rupe
813 1480 943 1541 sedentis

175 1614 245 1655 cum
259 1613 348 1672 grege
362 1592 539 1655 Chaldaeo?
559 1613 605 1656 vls
620 1602 700 1655 oerte
713 1594 786 1673 pila,
803 1593 947 1668 cohortes,

175 1708 308 1787 egregios
321 1708 443 1786 equites,
459 1716 488 1768 et
502 1716 600 1768 eastra
615 1707 799 1769 domestlca?
820 1707 927 1787 quidni
1100 1709 1139 1770 95

175 1824 250 1884 haeo
264 1822 388 1901 cupias?
407 1831 438 1882 et
453 1822 504 1901 qui
519 1822 627 1882 nolunt
642 1822 776 1883 occidere
792 1842 984 1902 quemquam,

175 1953 259 2012 posse
273 1933 388 1995 volunt.
430 1933 481 1993 sed
497 1954 574 2012 quae
589 1933 746 2012 praeclara
761 1942 790 1994 et
804 1955 947 2013 prospera
961 1933 1049 2004 tanti,

175 2055 210 2106 ut
224 2045 312 2105 rebus
327 2045 414 2106 laet-is
428 2066 484 2124 par
499 2046 538 2105 sit
552 2065 693 2105 mensura
707 2046 877 2106 malorum?

175 2160 273 2239 hujus,
289 2159 341 2237 qui
356 2158 498 2230 trahitur,
512 2166 701 2236 praetextam
716 2178 832 2218 sumere
847 2158 953 2230 mavis,

175 2292 215 2332 an
230 2271 416 2332 Fidenarum
432 2271 660 2351 Gabiorumque
675 2292 736 2332 esse
751 2280 882 2351 potestas
1081 2272 1139 2333 100

176 2387 257 2446 etde
271 2407 412 2448 mensura
429 2388 480 2467 jus
494 2387 601 2459 dicere,
616 2407 690 2448 vasa
704 2386 822 2446 minora

177 2500 324 2579 frangere,
338 2521 488 2580 pannosus
504 2501 608 2562 vacuis
623 2501 728 2561 aedilis
743 2501 892 2565 Ulubris?

176 2632 246 2689 ergo
261 2611 334 2691 quid
349 2612 514 2691 optandum
531 2611 616 2685 foret,
632 2612 783 2690 ignorasse
798 2613 900 2674 fateris

130 2745 135 2752 ·
176 2724 336 2803 Sejanum3
357 2743 427 2784 nam
443 2725 496 2804 qui
508 2725 617 2785 nimios
632 2724 758 2802 optabat
773 2726 899 2786 honores

176 2845 206 2896 et
220 2837 329 2896 nimias
343 2838 484 2916 poscebat
499 2858 577 2917 opes,
593 2858 752 2899 numerosa
766 2839 896 2919 parabat
1082 2842 1140 2902 105

176 2949 311 3011 excelsae
325 2949 417 3010 turris
432 2949 579 3022 tabulata,
594 2950 677 3010 unda
691 2950 782 3012 altior
796 2961 872 3012 esset

177 3082 262 3122 casus
276 3071 306 3124 et
320 3062 469 3142 impulsae
483 3083 625 3142 praeceps
640 3065 773 3125 immane
783 3065 897 3127 ruinae.

177 3175 250 3254 quid
265 3174 394 3248 Crassos,
411 3176 484 3255 quid
499 3175 658 3255 Pompeios
673 3177 791 3251 evertit,
806 3187 836 3239 et
850 3179 939 3240 illum

177 3263 216 3346 ab
230 3309 285 3348 sua
300 3288 352 3365 qui
368 3289 495 3348 domitos
510 3288 638 3349 deduxit
652 3289 749 3368 flagra
764 3291 921 3367 Quirites?

177 3417 311 3458 summus
325 3417 432 3477 nempe
447 3398 529 3458 loeus
546 3398 632 3459 nulla
647 3421 706 3461 non
721 3412 786 3464 arte
800 3403 920 3482 petitus,
1082 3405 1144 3468 110
