2536 3806
164 186 206 249 70
410 200 588 248 n.1vrr11
618 200 867 248 1vv1rnrn1s

158 357 302 419 Assaraci
316 357 434 437 magnis
448 355 653 430 sollemnibus,
669 355 804 418 Hectore
818 357 910 420 funus

160 479 300 551 portante
314 491 350 531 ac
364 469 488 549 reliquis
503 469 633 529 fratrum
647 469 816 531 cervicibus
831 471 911 532 inter

159 582 295 644 Iliadum
309 581 459 654 lacrimas,
474 589 509 641 ut
523 580 636 660 primos
650 581 738 642 edere
752 581 893 660 planctus

159 697 329 759 Cassandra
343 695 490 776 inciperet
503 695 653 774 scissaque
668 695 827 775 Polyxena
842 695 935 775 palla,

159 811 185 871 ri
199 810 277 872 foret
290 809 456 870 exstinctus
471 807 589 868 diverso
606 815 748 886 tempore,
763 829 823 888 quo
837 829 899 870 non

159 931 300 1003 coeperat
313 922 442 983 audaces
456 919 544 981 Paris
557 919 717 981 aedificare
731 921 859 983 carinas.

159 1036 251 1115 longa
264 1035 326 1096 dies
341 1034 436 1114 igitur
450 1031 524 1112 quid
538 1031 689 1093 contulit?
709 1033 812 1092 omnia
825 1032 905 1096 vidit

159 1168 264 1210 eversa
277 1156 308 1208 et
321 1146 451 1207 flammis
465 1145 572 1206 Asiam
588 1144 727 1224 ferroque
742 1143 908 1207 cadentem.

159 1267 232 1320 tunc
246 1257 332 1318 miles
347 1255 494 1318 tremulus
507 1255 606 1334 posita
619 1254 693 1316 tulit
706 1275 792 1316 arma
806 1257 886 1318 tiara

160 1374 266 1432 etruit
279 1378 350 1430 ante
364 1389 448 1430 aram
462 1367 573 1429 summi
587 1367 609 1430 J
610 1366 683 1442 ovis,
698 1376 733 1428 ut
746 1369 868 1430 vetulus
881 1368 944 1446 bos,

159 1487 212 1567 qui
227 1485 342 1547 domini
357 1484 462 1546 cultris
476 1491 567 1544 tenue
581 1491 611 1544 et
625 1481 796 1544 miserabile
811 1483 924 1545 collum

157 1600 291 1680 praebet,
306 1599 345 1659 ab
360 1598 481 1677 ingrato
498 1598 563 1677 jam
579 1596 731 1657 fastiditus
746 1607 856 1659 aratro.

158 1712 257 1772 exitus
271 1710 323 1771 ille
338 1717 502 1788 utcumque
515 1708 654 1782 hominis,
669 1708 720 1769 sed
736 1717 823 1772 torva
837 1711 947 1773 canino

157 1823 284 1886 latravit
298 1822 386 1895 rictu,
401 1840 479 1901 quae
493 1829 560 1899 post
574 1820 656 1881 hunc
670 1821 799 1897 vixerat,
815 1842 901 1885 uxor.

157 1939 264 2000 festino
279 1938 318 1999 ad
334 1946 458 2010 nostros,
473 1946 503 1997 et
517 1956 617 2015 regern
632 1943 751 1997 transeo
767 1936 858 1999 Ponti

157 2063 188 2116 et
201 2054 355 2124 Croesum,
370 2071 459 2130 quem
474 2071 535 2112 vox
552 2050 628 2130 justi
643 2050 776 2113 facunda
789 2051 907 2114 Solonis

158 2166 305 2246 respicere
319 2163 358 2224 ad
373 2163 481 2242 longae
497 2163 588 2243 jussit
601 2163 700 2242 spatia
713 2163 825 2226 ultima
838 2164 928 2228 vitae

158 2277 285 2339 exilium
300 2284 330 2336 et
344 2295 446 2335 carcer
460 2273 750 2354 Minturnarumque
763 2275 890 2355 paludes

70 2367 73 2374 Ι
158 2397 188 2449 et
202 2386 389 2447 mendicatus
403 2383 486 2446 victa
499 2382 685 2463 Carthagine
699 2386 787 2465 panis

157 2500 229 2560 hinc
243 2517 347 2559 causas
360 2495 502 2557 habuere.
544 2495 618 2576 quid
631 2497 687 2558 illo
701 2498 767 2560 cive
781 2498 899 2560 tulisset

158 2622 268 2674 natura
283 2612 314 2671 in
329 2610 426 2682 terris,
441 2609 515 2688 quid
530 2609 629 2670 Roma
643 2608 760 2670 beatius
773 2631 928 2692 umquam,

157 2727 183 2787 si
196 2722 402 2786 circumducto
417 2721 608 2801 captivorum
623 2722 743 2801 agmine
757 2730 788 2783 et
803 2723 886 2784 omni
995 2773 1003 2787 .

158 2839 306 2902 bellorum
321 2856 434 2917 pompa
448 2835 581 2897 animam
597 2835 770 2897 exhalasset
783 2837 926 2916 opimam,

158 2973 226 3014 cum
242 2951 279 3014 de
292 2949 458 3011 Teutonico
471 2948 566 3012 vellet
579 2947 758 3010 descendere
771 2951 884 3023 curru?

158 3063 287 3146 provida
302 3061 447 3142 Pompeio
462 3060 586 3121 dederat
599 3060 769 3141 Campania
782 3061 880 3124 febres

157 3174 314 3257 optandas,
329 3172 380 3234 sed
396 3172 511 3232 multae
524 3171 614 3232 urbes
628 3181 659 3233 et
673 3171 797 3251 publica
811 3183 884 3236 vota

157 3291 313 3360 vicerunt;
335 3287 429 3365 igitur
443 3285 566 3346 fortuna
580 3285 673 3364 ipsius
688 3296 718 3347 et
731 3287 816 3348 urbis

157 3409 311 3461 servatum
326 3397 408 3458 victo
422 3404 514 3475 caput
528 3395 664 3458 abstulit
705 3397 763 3459 hoc
777 3399 915 3461 cruciatu
