2536 3806
457 249 627 297 ss'l'van
659 245 739 294 VII.

118 433 233 494 perque
247 411 346 472 forum
356 409 484 489 juvenes
498 405 588 485 longo
601 403 713 484 premit
726 421 823 462 assere
836 397 972 472 Maedos,

118 536 276 607 empturus
289 543 406 604 pueros,
420 529 589 600 argentum,
603 517 749 589 murrina,
763 513 870 586 villas;

118 640 248 721 spondet
261 639 341 699 enim
356 636 449 716 Tyrio
463 633 615 695 stlattaria
628 651 765 712 purpura
778 629 838 690 filo.

119 764 150 816 et
165 764 266 815 tamen
280 760 324 812 est
338 750 399 810 illis
412 749 470 809 hoc
483 746 575 820 utile;
596 764 733 825 purpura
746 741 852 804 vendit

120 866 316 938 causidicum,
330 861 467 925 vendunt
482 857 702 939 amethystina;
724 855 865 918 convenit
878 851 939 914 illis

119 989 152 1040 et
164 977 292 1058 strepitu
307 985 337 1037 et
350 975 427 1036 facie
441 972 562 1053 majoris
576 972 680 1034 vivero
694 989 806 1030 census.

122 1092 190 1170 [sed
204 1092 295 1152 finem
309 1091 451 1170 inpensae
465 1107 526 1149 non
540 1094 640 1148 servat
654 1084 782 1164 prodiga
796 1082 918 1160 Roma]

120 1205 243 1266 fidimus
257 1202 396 1282 eloquio?
436 1198 573 1261 Ciceroni
588 1217 675 1258 nemo
690 1196 834 1255 ducentos
905 1217 908 1224 ·

120 1339 204 1378 nunc
218 1315 334 1376 dederit
348 1333 495 1385 nummos,
510 1311 567 1370 nisi
581 1309 699 1370 fulserit
713 1307 823 1368 anulus
837 1306 949 1385 ingens.
1022 1304 1081 1366 140

120 1429 244 1510 respicit
257 1428 332 1488 haec
345 1426 479 1506 primum
493 1424 545 1504 qui
560 1423 669 1502 litigat,
684 1443 724 1482 an
739 1421 795 1482 tibi
808 1421 887 1482 servi

120 1556 199 1618 octo,
213 1545 316 1605 decem
330 1541 461 1613 comites,
476 1560 515 1600 an
530 1548 597 1618 post
611 1548 641 1600 te
653 1538 738 1611 sella,
752 1537 848 1618 togati

120 1666 194 1718 ante
208 1654 306 1734 pedes.
348 1653 415 1713 ideo
430 1651 579 1712 conducta
593 1650 709 1710 Paulus
723 1649 832 1730 agebat

119 1769 320 1848 sardonyche,
335 1779 425 1849 atquc
439 1769 506 1829 idco
521 1770 617 1849 pluris
633 1789 724 1848 quam
739 1767 848 1829 Gallus
863 1764 981 1846 agebat,

119 1902 215 1962 quam
229 1880 357 1940 Basilus.
399 1901 468 1940 rara
483 1880 514 1938 in
529 1879 612 1940 tenui
627 1878 770 1939 facundia
784 1898 892 1958 panno.
1023 1876 1082 1937 145

119 1994 245 2074 quando
259 1992 330 2053 licet
344 1991 447 2052 Basilo
461 1993 582 2052 flentem
597 1992 761 2072 producere
775 1992 922 2052 matrem?

119 2107 191 2188 quis
205 2106 280 2168 bene
294 2107 442 2167 dicentem
457 2105 595 2166 Basilum
610 2105 709 2166 ferat?
729 2106 902 2185 accipiatis

120 2218 301 2292 Galliave]
316 2219 415 2298 potius
430 2217 584 2278 nutricula
599 2216 818 2278 causidicorum

120 2333 241 2406 Africa,
255 2333 280 2393 si
293 2333 409 2412 placuit
423 2332 589 2393 mercedem
603 2351 714 2411 ponere
728 2331 858 2410 linguae.

166 2447 345 2508 Declamare
359 2448 467 2508 doces?
487 2467 504 2507 o
519 2446 616 2506 ferrea
630 2455 752 2525 pectora
765 2445 862 2519 Vetti,
1023 2445 1083 2506 150

122 2561 175 2622 cui
189 2560 311 2640 perimit
323 2579 426 2621 saevos
440 2559 541 2620 classis
555 2579 714 2620 numerosa
727 2560 888 2639 tyrannos!

121 2693 198 2734 nam
207 2692 413 2752 quaecumque
421 2671 524 2732 sedens
534 2671 622 2732 modo
631 2671 754 2750 legerat,
763 2671 837 2732 haec
846 2671 951 2732 eadem
959 2678 1042 2732 stans

122 2785 256 2868 perferet
270 2794 360 2864 atque
374 2784 479 2845 eadem
493 2783 630 2844 cantabit
642 2783 778 2845 versibus
791 2783 903 2856 isdem3

123 2899 238 2961 occidit
252 2898 373 2958 miseros
388 2897 508 2958 crambe
522 2897 650 2976 repetita
664 2896 829 2974 magistros.

124 3012 195 3093 quis
206 3011 288 3072 color
298 3021 328 3072 et
338 3011 418 3090 quod
432 3011 471 3071 sit
485 3030 592 3071 causae
605 3029 699 3089 genus
713 3019 804 3088 atque
818 3009 871 3070 ubi
885 3029 1003 3070 summa
1025 3009 1083 3069 155

125 3124 271 3205 quaestio,
285 3142 364 3202 quac
377 3122 501 3184 veniant
514 3122 651 3183 diversae
664 3121 740 3181 forte
754 3121 890 3200 sagittae,

124 3257 213 3298 nosse
225 3236 322 3298 velint
335 3255 446 3308 omnes,
460 3235 626 3296 mercedem
640 3235 755 3296 solvere
768 3255 864 3294 nemo.

126 3349 308 3410 ‘mercedem
319 3347 472 3428 appellas?
485 3348 558 3427 quid
567 3347 648 3408 enim
656 3347 749 3407 sciol'
764 3352 781 3378 ‘⁶
793 3347 883 3426 culpa
891 3347 1025 3408 docentis

126 3463 243 3526 scilicet
257 3462 404 3542 arguitur,
419 3461 500 3542 quod
513 3461 602 3524 laeva
615 3469 703 3542 parte
717 3460 870 3522 mamillae
