2536 3806
161 187 203 250 56
407 205 586 254 n.1vnrr
615 205 864 253 rvvnunurs

159 358 301 420 nobilitas
315 359 490 439 claramque
504 361 600 420 facem
614 361 767 440 praeferre
780 363 938 441 pudendis.

159 493 247 533 omne
261 472 355 532 animi
370 473 479 534 vitium
494 483 580 534 tanto
595 477 781 554 conspectius
796 476 828 536 in
842 498 873 537 se

159 584 273 645 crimen
287 584 388 658 habet,
402 594 517 664 quanto
531 587 627 666 major
642 587 694 666 qui
708 598 813 666 peccat
827 589 965 651 habetur.

158 715 218 774 quo
232 695 308 754 mihi
323 703 352 755 te
365 695 488 755 solitum
503 697 594 756 falsas
608 699 727 776 signare
742 699 870 760 tabellas

158 808 190 867 in
204 806 325 886 templis
340 827 417 886 quae
430 807 502 868 fecit
516 829 592 870 avus
606 820 798 891 statuamque
812 814 947 892 parentis

158 931 229 981 ante
242 921 483 999 triumphalem?
503 944 572 1002 quo,
586 924 610 984 si
625 934 790 1000 nocturnus
805 927 927 988 adulter

157 1041 294 1112 tempora
308 1032 568 1110 Santonicovelas
582 1036 728 1116 adoperta
742 1039 884 1100 cucullo?

198 1143 323 1214 Praeter
338 1144 485 1223 majorum
502 1146 614 1206 cineres
630 1156 720 1226 atque
734 1169 800 1208 ossa
814 1149 934 1210 volucri

158 1264 301 1335 carpento
315 1256 433 1335 rapitur
447 1258 569 1337 pinguis
584 1259 762 1333 Lateranus,
778 1270 808 1321 et
822 1262 894 1341 ipse,

158 1369 222 1448 ipse
236 1377 332 1428 rotam
349 1369 489 1448 astringit
503 1370 600 1430 multo
614 1371 783 1433 sufflamine
798 1373 911 1447 consul,

157 1493 245 1544 nocte
260 1483 391 1562 quidem,
408 1485 459 1544 sed
474 1484 548 1544 luna
561 1484 654 1558 videt,
670 1487 722 1546 sed
736 1487 834 1548 sidera
848 1497 936 1550 testes

157 1593 320 1655 intendunt
334 1594 442 1655 oculos.
488 1594 608 1654 finitum
623 1605 741 1676 tempus
755 1598 876 1659 honoris

159 1731 227 1770 cum
242 1709 342 1781 fuerit,
358 1708 441 1768 clara
455 1708 625 1770 Lateranus
639 1710 707 1770 luce
721 1711 876 1791 flagellum

157 1839 255 1891 sumet
269 1840 299 1891 et
313 1851 470 1892 occursum
485 1847 652 1908 numquam
667 1828 833 1907 trepidabit
847 1828 937 1889 amici

161 1943 225 2022 jam
240 1944 326 2017 senis,
342 1964 378 2004 ac
391 1943 479 2022 virga
494 1942 576 2021 prior
590 1950 808 2020 annueretque
822 1942 973 2030 maniplos

157 2055 254 2117 solvet
268 2066 298 2116 et
312 2056 452 2116 infundet
469 2055 615 2135 jumentis
630 2055 744 2116 hordea
758 2055 851 2116 lassis.

157 2170 281 2246 interea,
296 2173 367 2233 dum
385 2172 504 2233 lanatas
519 2171 685 2250 robumque
701 2171 868 2251 juvencum

157 2303 240 2344 more
254 2282 374 2344 Numae
389 2284 488 2344 caedit
503 2282 590 2344 Jovis
606 2291 676 2343 ante
691 2282 811 2354 altaria,
821 2282 906 2361 jurat

157 2394 251 2458 solam
268 2395 408 2475 Eponam
425 2406 455 2457 et
470 2396 562 2456 facies
576 2396 658 2456 olida
672 2395 712 2456 ad
727 2396 882 2474 praesepia
896 2395 1001 2474 pictas.

156 2507 208 2568 sed
223 2528 292 2568 oum
308 2508 469 2587 pervigiles
484 2508 584 2587 placet
599 2508 767 2568 instaurare
781 2508 917 2587 popinas,

157 2620 264 2684 obvius
278 2621 404 2682 adsiduo
419 2621 629 2700 Syrophoenix
645 2621 723 2681 udus
737 2641 855 2680 amomo

158 2735 276 2812 [currit
292 2736 455 2798 Idumaeae
470 2735 681 2816 Syrophoenix
695 2735 795 2796 incola
809 2736 940 2815 portae]
1058 2736 1116 2798 160

156 2851 282 2932 hospitis
296 2853 416 2913 adfectu
432 2853 589 2914 dominum
605 2867 766 2932 regemque
780 2851 903 2926 salutat,

156 2973 186 3026 et
201 2986 269 3026 oum
284 2966 385 3027 venali
401 2965 504 3046 Cyane
519 2967 671 3028 succincta
686 2966 805 3045 lagona.

156 3079 293 3141 defensor
307 3079 415 3159 culpae
428 3079 511 3141 dicat
525 3081 601 3140 mihi
617 3080 758 3142 ‘fecimus
772 3088 802 3140 et
815 3095 870 3141 nos

155 3191 230 3252 haec
246 3191 392 3272 juvenes?
433 3200 504 3254 esto.
545 3192 649 3254 desisti
662 3207 779 3272 nempe,
794 3213 849 3253 neo
864 3191 946 3252 ultra

156 3303 259 3364 fovisti
273 3323 412 3364 errorem.
454 3303 546 3366 breve
560 3304 608 3377 sit,
625 3304 706 3383 quod
720 3304 851 3383 turpiter
865 3303 976 3376 audes;
1057 3304 1115 3364 165

157 3417 305 3495 quaedam
321 3436 390 3477 oum
405 3416 505 3496 prima
518 3426 690 3477 resecentur
705 3417 833 3478 crimina
847 3416 960 3488 barba;

356 3710 461 3742 A
