2516 3806
193 229 258 315 104Ι
444 267 621 315 o.1vu11
650 268 897 314 rvvarrnnrs

191 443 262 484 narn
276 422 386 484 scelere
399 423 430 483 in
446 432 530 484 tanto
544 443 582 483 ne
597 444 723 502 quaeras
737 433 767 484 et
781 423 900 484 dubites
913 444 954 484 an

191 534 291 612 prima
304 533 492 614 voluptatem
506 534 579 614 gula
593 535 733 608 senserit;
754 534 880 595 ultimus
894 543 993 596 autem
1092 529 1122 589 90

191 650 244 730 qui
258 651 341 711 stetit
354 650 513 730 absumpto
529 652 595 730 jam
610 660 673 712 toto
687 671 819 730 corpore,
834 651 931 710 ductis

192 785 246 846 per
259 773 370 826 terram
386 765 487 845 digitis
501 764 617 845 aliquid
632 766 670 826 de
683 766 829 844 sanguine
843 773 952 844 gustat.

192 878 354 952 Vascones,
368 879 443 939 haec
457 878 540 938 fama
555 888 607 951 est,
622 878 773 938 alimentis
787 877 900 938 talibus
914 877 986 937 olim

192 992 363 1073 produxere
376 993 509 1053 animas:
530 993 580 1052 sed
596 1014 641 1052 res
655 992 783 1065 diversa,
797 991 850 1052 sed
864 991 928 1051 illic

192 1108 331 1167 fortunae
345 1106 462 1169 invidia
475 1115 519 1166 est
533 1105 741 1185 bellorumque
756 1104 874 1178 ultima,
888 1124 973 1164 casus
1097 1100 1128 1159 95

193 1218 330 1292 extremi,
345 1218 453 1297 longae
467 1219 534 1278 dira
549 1217 711 1278 obsidionis
725 1227 847 1296 egestas.

195 1333 299 1412 [hujus
313 1332 402 1405 enim,
417 1331 497 1412 quod
511 1351 592 1390 nunc
607 1331 717 1410 agitur,
732 1330 902 1391 miserabile
916 1329 1005 1392 debet

73 1441 77 1452 ⁸
193 1443 366 1523 exemplum
381 1463 442 1503 esse
457 1442 525 1516 cibi,
540 1442 719 1502 sicutmodo
735 1442 817 1502 dicta
831 1441 906 1501 mihi
920 1443 1006 1522 gens]

193 1567 261 1638 post
273 1577 375 1618 omnes
388 1556 505 1628 herbas,
520 1565 587 1635 post
602 1565 712 1617 cuncta
726 1556 879 1629 animalia,
897 1555 1043 1636 quidquid
1145 1563 1150 1574 '

194 1670 320 1751 cogebat
333 1670 422 1732 vacui
437 1670 550 1731 ventris
564 1668 657 1742 furor,
671 1669 806 1730 hostibus
821 1670 892 1749 ipsis
1085 1665 1133 1726 100

193 1785 340 1865 11011ο10111
355 1805 391 1845 ac
406 1783 531 1843 maciem
546 1792 576 1842 et
589 1792 693 1843 tenues
707 1783 917 1843 miserantibus
931 1791 1024 1856 artus,

194 1903 329 1964 membra
343 1903 443 1963 aliena
457 1903 536 1963 fame
552 1902 736 1973 lacerabant,
751 1922 812 1961 esse
826 1902 925 1980 parati

193 2027 294 2078 etsua.
337 2018 475 2097 quisnam
486 2017 641 2077 bominum
649 2016 769 2077 veniam
778 2015 850 2074 dare
859 2013 963 2093 quisve
973 2013 1092 2074 deorum

193 2130 350 2193 ventribus
364 2129 509 2190 abnueret
523 2130 594 2190 dira'
604 2139 695 2208 atque
709 2127 844 2188 inmania
857 2126 959 2205 passis,

194 2244 346 2324 atquibus
361 2244 483 2305 illorum
499 2252 639 2322 poterant
653 2243 805 2321 ignoscere
819 2259 929 2312 manes,
1090 2234 1139 2296 105

194 2377 321 2437 quorum
337 2355 511 2436 corporibus
527 2355 745 2418 vescebantur?
766 2353 873 2413 melius
887 2371 941 2411 nos

194 2471 320 2531 Zenonis
331 2478 492 2550 praecepta
503 2477 642 2540 monent;
657 2487 712 2527 nec
723 2467 802 2527 enim
819 2465 928 2535 omnia,
940 2462 1087 2543 quaedam

193 2603 248 2661 pro
262 2583 327 2644 vita
341 2582 479 2643 facienda
494 2589 619 2660 putant:
640 2580 692 2640 sed
706 2577 858 2640 Cantaber
872 2575 952 2636 unde

194 2695 312 2768 stoicus,
326 2694 444 2775 antiqui
459 2693 634 2774 praesertim
650 2701 748 2753 aetate
763 2689 902 2751 Metelli?
945 2677 953 2698 ⁰

194 2829 275 2868 nunc
289 2817 369 2869 totus
383 2807 493 2870 Graias
507 2816 681 2886 nostrasque
695 2805 788 2866 habet
802 2802 882 2864 orbis
896 2800 1043 2874 Athenas,
1090 2795 1141 2858 110

194 2920 299 2982 Gallia
313 2920 477 2981 causidicos
491 2919 594 2981 docuit
608 2918 740 2979 facunda
756 2916 927 2986 Britannos,

194 3035 231 3095 de
246 3035 440 3095 conducendo
455 3033 589 3113 loquitur
605 3033 671 3112 jam
685 3032 804 3092 rhetore
818 3028 924 3109 Thyle.

194 3147 303 3208 nobilis
318 3147 371 3208 ille
385 3157 486 3208 tamen
501 3146 640 3227 populus,
656 3166 745 3226 quem
760 3144 902 3216 diximus,
918 3149 948 3201 et
962 3161 1018 3220 par

194 3261 308 3324 virtute
321 3269 413 3340 atque
426 3259 494 3332 fide,
508 3259 560 3319 sed
574 3260 671 3338 major
686 3257 780 3329 clade,
796 3255 977 3336 Zagynthos,

195 3371 257 3430 tale
270 3369 343 3446 quid
358 3377 500 3427 excusat:
522 3367 675 3428 Maeotide
688 3368 805 3429 saevior
820 3387 875 3426 010
1094 3361 1145 3423 115

197 3477 360 3554 Aegyptos.
401 3476 513 3554 quippe
527 3477 582 3536 illa
595 3477 718 3538 nefandi
733 3477 863 3537 Taurica
876 3477 953 3537 sacrl
