2536 3806
483 235 655 284 snrvnn
685 237 756 282 111.
1058 219 1100 284 27

137 402 183 454 est
196 393 323 473 aliquid,
338 413 527 474 quocumque
541 392 617 467 loeo,
631 413 821 474 quocumque
834 414 959 468 recessu,
1041 395 1100 454 230

137 506 228 566 unius
242 527 305 566 sese
317 507 475 567 dominum
489 506 593 566 fecisse
606 506 745 568 lacertae.

179 620 334 681 Plurimus
348 621 398 682 hie
412 642 503 701 aeger
515 621 645 682 moritur
658 621 833 702 vigilando;
854 622 906 682 sed
920 622 1020 701 ipsum

136 733 315 813 languorem
329 735 447 814 peperit
461 733 546 794 cibus
561 735 743 814 inperfectus
758 745 788 796 et
802 735 929 796 haerens

136 849 258 909 ardenti
273 849 445 922 stomach03
466 870 538 909 nam
553 869 631 928 quae
645 850 800 911 meritoria
813 871 952 911 somnum

136 961 327 1022 admittunt?
347 961 465 1041 magnis
479 961 587 1041 opibus
601 962 753 1023 dormitur
766 963 798 1023 in
812 964 905 1024 urbe:
1042 965 1099 1023 235

136 1073 208 1134 inde
222 1082 315 1153 caput
328 1074 435 1135 morbi.
477 1074 618 1134 redarum
632 1075 777 1135 transitus
792 1086 859 1136 arto

136 1185 276 1247 vicorum
288 1185 404 1246 inflexu
419 1195 449 1246 et
462 1187 569 1246 stantis
583 1187 720 1247 convicia
734 1188 880 1248 mandrae

136 1298 266 1377 eripient
280 1319 417 1359 somnum
433 1299 534 1359 Druso
548 1299 712 1378 vitulisque
726 1300 859 1361 marinis.

177 1411 210 1472 si
224 1421 314 1473 vocat
329 1412 470 1486 officium,
484 1412 576 1473 turbe
594 1413 718 1473 cedente
732 1414 860 1476 vehetur

136 1525 222 1588 dives
237 1533 267 1584 et
280 1525 396 1604 ingenti
412 1534 512 1585 curret
526 1545 616 1606 super
630 1546 683 1586 ora
698 1525 845 1600 Liburno,
1042 1529 1100 1589 240

136 1647 229 1718 atque
242 1637 340 1698 obiter
354 1638 434 1718 leget
448 1647 503 1699 aut
516 1639 627 1700 scribet
640 1640 690 1701 vel
705 1640 834 1701 dormiet
848 1640 939 1716 intus,

135 1773 268 1832 namque
283 1752 357 1813 facit
370 1773 510 1812 somnum
526 1753 630 1814 clausa
644 1753 752 1815 lectica
766 1754 914 1828 fenestra3

134 1875 208 1927 ante
222 1875 324 1927 tamen
338 1868 456 1928 veniet:
479 1866 565 1928 nobis
579 1868 813 1948 properantibus
827 1868 927 1930 obstat

134 1980 220 2040 unda
233 1980 325 2059 prior,
340 2001 451 2060 megno
466 1981 597 2061 populns
612 1982 857 2062 premit·agmine
870 1983 990 2045 lumbos

134 2094 189 2172 qui
203 2095 348 2174 sequitur,
363 2095 434 2155 ferit
448 2095 498 2156 hie
514 2095 625 2169 cubito,
641 2095 711 2156 ferit
727 2117 823 2158 assere
837 2097 913 2158 duro
1042 2097 1100 2156 245

134 2207 223 2296 alter,
237 2216 270 2267 at
284 2207 334 2268 hio
349 2209 468 2288 tignum
484 2209 577 2287 capiti
593 2209 713 2283 incutit,
728 2209 782 2270 illc
794 2219 971 2283 metretam;

134 2321 263 2401 pinguia
276 2342 366 2382 crura
380 2323 463 2396 luto;
485 2323 592 2403 planta
607 2344 681 2384 mox
695 2325 829 2404 undique
843 2344 955 2404 magna

134 2434 245 2508 calcor,
259 2435 335 2496 etin
349 2435 444 2515 digito
459 2437 564 2498 clerus
579 2437 654 2496 mihi
668 2437 774 2498 militis
788 2438 899 2498 haeret

177 2547 287 2608 Nonne
300 2548 393 2622 vides,
409 2558 522 2628 quento
537 2549 706 2610 celebretur
719 2549 855 2630 sportula
869 2549 973 2610 fumo?

134 2670 259 2722 centum
274 2662 430 2737 convivae,
445 2665 581 2745 sequitur
596 2685 652 2726 sua
666 2685 815 2745 quemque
829 2664 940 2725 culina
1042 2665 1101 2726 250

135 2775 270 2838 Corbulo
284 2778 340 2840 vix
355 2779 446 2840 ferret
461 2789 506 2841 tot
520 2801 594 2841 vasa
609 2780 754 2859 ingentia,
769 2787 815 2840 tot
828 2798 875 2839 res

134 2889 292 2969 impositas
307 2893 409 2972 capiti,
425 2913 500 2972 quas
515 2901 595 2953 recto
612 2893 726 2954 vertice
740 2895 842 2971 portat

134 3004 275 3066 servulus
287 3005 403 3076 infelix
418 3014 448 3066 et
462 3025 551 3066 cursu
566 3004 696 3068 ventilat
711 3004 820 3084 ignem.

134 3116 318 3178 scinduntur
332 3119 454 3178 tunicae
468 3125 567 3178 sartae
582 3117 680 3190 modo,
696 3117 788 3196 longa
803 3124 941 3177 coruscat

135 3250 255 3291 serraco
270 3230 410 3293 veniente
424 3229 515 3302 abies,
530 3239 621 3309 atque
636 3230 732 3290 altera
747 3231 854 3310 pinum
1043 3229 1101 3288 255

135 3342 275 3423 plaustra
290 3343 540 3416 vehuntpnutant
553 3343 615 3404 alte
629 3342 802 3423 populoque
815 3343 979 3404 minantur.

134 3475 208 3516 nam
222 3456 248 3516 si
263 3453 426 3536 procubuit
440 3455 493 3535 qui
507 3476 582 3517 saxa
596 3454 754 3534 Ligustica
768 3464 871 3534 portat
