2536 3806
135 177 178 238 32
442 195 564 242 rvrrrr
593 194 840 241 rvvananrs

134 348 265 409 destinat
279 349 336 409 hoo
350 357 520 410 monstrum
536 349 664 409 cumbae
678 349 793 428 linique
807 349 950 427 magister
1057 351 1101 410 45

134 463 269 541 pontifici
283 484 408 524 summo.
450 463 517 542 quis
532 464 612 522 enim
627 483 794 542 proponere
808 463 901 523 talem

133 585 187 635 aut
201 595 298 636 emere
312 575 444 648 auderet,
459 595 529 635 cum
543 575 634 654 plena
648 584 678 635 et
691 575 782 635 litora
796 576 892 636 multo

133 688 267 748 delatore
281 687 402 748 forent?
423 687 548 766 dispersi
563 688 700 767 protinus
714 688 803 767 algae

133 801 322 880 inquisitores
337 809 459 879 agerent
474 821 544 860 cum
559 801 672 880 remige
685 800 776 875 nudo,

133 934 194 973 non
208 912 378 973 dubitaturi
393 911 558 991 fugitivum
573 912 672 973 dicere
686 912 798 992 piscem

133 1027 349 1106 depastumque
364 1025 416 1084 diu
432 1025 551 1086 vivaria
566 1025 711 1098 Caesaris,
725 1026 797 1086 inde

133 1139 268 1217 elapsum
292 1147 423 1199 veterem
437 1138 476 1198 ad
491 1137 647 1197 dominum
663 1137 770 1197 debere
784 1137 904 1199 reverti.

132 1250 244 1329 siquid
259 1249 406 1322 Palfurio,
420 1250 445 1309 si
460 1250 609 1310 credimus
624 1249 799 1323 Armillato,

132 1363 280 1442 quidquid
295 1363 488 1441 conspicuum
503 1363 725 1443 pulchrumque
737 1371 782 1422 est
796 1384 924 1442 aequore
938 1372 1010 1436 toto,

132 1497 179 1536 res
193 1476 254 1560 fisci
270 1485 322 1548 est,
337 1475 520 1555 ubicumque
533 1484 636 1536 natat:
658 1475 822 1536 donabitur
836 1497 916 1555 ergo,
1007 1491 1009 1498 ’
1053 1477 1096 1536 55

131 1613 170 1652 ne
184 1600 294 1671 pereat.
332 1592 398 1670 jam
412 1591 529 1651 letifero
545 1590 668 1651 cedente
683 1591 800 1671 pruinis

131 1715 287 1778 autumno,
296 1707 362 1785 jam
379 1713 559 1783 quartanam
574 1705 763 1784 sperantibus
777 1705 882 1784 aegris,

131 1817 278 1877 stridebat
292 1817 433 1877 deformis
447 1817 543 1877 hiems
557 1817 761 1896 praedamque
775 1826 924 1878 recentem

130 1929 288 2002 servabat;
310 1938 412 1989 tamen
427 1929 477 1988 hio
491 1938 643 2008 properat,
658 1930 744 1992 velut
758 1938 887 2010 urgueat
900 1939 1008 1990 auster.

132 2051 224 2121 utque
239 2042 322 2102 lacus
335 2041 489 2115 suberant,
505 2041 558 2102 ubi
573 2063 757 2122 quamquam
773 2044 875 2104 diruta
888 2051 990 2103 servat
1052 2045 1091 2104 60

131 2156 230 2234 ignem
246 2155 409 2235 Trojanum
424 2164 454 2216 et
468 2155 594 2217 Vestam
610 2157 682 2217 colit
695 2156 779 2217 Alba
793 2157 949 2228 minorem,

131 2269 247 2330 obstitit
261 2270 388 2330 intranti
402 2270 543 2330 miratrix
558 2270 649 2330 turba
668 2291 848 2350 parumper3
928 2303 931 2311 ·
951 2343 957 2352 .

131 2392 166 2444 ut
179 2383 274 2456 cessit,
289 2383 372 2442 facili
385 2393 551 2462 patuerunt
565 2384 688 2444 cardine
702 2383 828 2456 valvae;

131 2495 246 2556 exclusi
259 2504 396 2574 spectant
411 2496 542 2556 admissa
556 2496 680 2558 obsonia
699 2505 809 2575 patres

130 2611 193 2670 itur
206 2610 245 2669 ad
259 2609 399 2671 Atriden.
442 2621 508 2670 tum
522 2611 630 2671 Picens
645 2610 782 2689 ‘accipe'
797 2610 885 2684 dixit,
1051 2611 1090 2670 65

131 2722 275 2801 ‘privatis
287 2724 404 2802 majora
418 2721 507 2796 focis;
529 2723 656 2802 genialis
670 2731 779 2802 agatur

130 2836 186 2895 iste
200 2836 279 2908 dies;
300 2856 428 2916 propera
442 2837 631 2897 stomachum
646 2835 752 2898 laxare
765 2836 915 2915 saginans,

130 2957 160 3008 et
174 2957 227 3007 tua
240 2958 393 3010 servatum
408 2971 548 3010 consume
562 2950 593 3008 in
608 2949 728 3009 saecula
741 2948 919 3020 rhombum;

131 3061 194 3139 ipse
208 3061 275 3139 capi
289 3060 405 3122 voluit!
447 3062 520 3140 quid
535 3062 688 3140 apertius?
708 3069 853 3120 ettamen
868 3060 914 3119 illi

129 3173 293 3253 surgebant
307 3173 432 3235 cristae:
453 3174 531 3234 nihil
546 3173 685 3253 estquod
702 3173 822 3234 credere
836 3173 873 3233 de
887 3193 917 3232 se
1051 3174 1090 3234 70

130 3310 191 3349 non
205 3290 306 3368 possit,
321 3310 390 3349 cum
405 3289 549 3349 laudatur
562 3289 608 3350 dis
622 3309 719 3368 aequa
733 3297 870 3366 potestas.

129 3400 182 3460 sed
196 3400 283 3460 derat
296 3400 371 3478 pisci
384 3400 506 3478 patinae
521 3420 668 3459 mensura.
710 3406 858 3460 vocantur
