2536 3806
490 272 662 319 SATVRA
691 273 753 320 IV.

138 437 254 490 erectas
269 428 300 489 in
314 437 399 509 terga
413 428 500 490 sudes
509 429 538 489 l'
559 429 616 489 hoc
630 428 726 489 defuit
740 449 835 489 unum

138 541 292 615 Fabricio,
307 541 438 620 pat-riam
454 549 487 600 ut
501 540 621 601 rhombi
640 549 819 602 memoraret
833 550 863 602 et
876 561 979 602 annos.

138 655 314 734 “quidnam
325 655 419 734 igitur
429 655 550 715 censes?
564 637 754 715 conciditur?
763 655 779 680 ”
809 655 905 715 ‘absit
915 653 954 715 ab
965 654 1019 715 illo
1041 654 1099 714 130

71 775 74 780 '
137 767 269 828 dedecus
282 768 339 828 hoc
350 767 374 828 !'
395 767 561 828 Montanus
576 767 636 839 eit3
658 771 751 828 ‘testa
765 767 829 828 alta
847 777 979 847 paretur,

138 901 218 960 quae
231 881 314 941 tenui
328 901 415 941 muro
429 880 593 959 spatiosum
608 879 732 959 colligat
746 879 865 940 orbem:

137 991 266 1052 debetur
279 1012 407 1071 magnus
420 992 543 1071 patinae
557 990 733 1071 subitusque
747 990 960 1065 Prometheus;

137 1104 281 1183 argillam
295 1115 387 1184 atque
401 1113 499 1165 rotam
513 1103 601 1164 citius
615 1105 789 1184 properate!
811 1103 862 1164 sed
877 1124 915 1164 ex
929 1104 986 1165 hoc

137 1227 273 1297 tempore
282 1219 357 1298 jam,
373 1216 492 1290 Caesar,
507 1217 593 1296 figuli
607 1225 662 1278 tua
676 1224 775 1277 castra
788 1216 971 1296 sequantur!
1041 1216 1099 1276 135

137 1330 214 1393 vicit
227 1329 320 1410 digna
333 1330 400 1392 viro
414 1329 578 1391 sententia:
600 1337 727 1391 noverat
740 1328 792 1388 ille

136 1445 294 1505 luxuriam
309 1444 418 1524 inperii
432 1453 564 1507 veterem
578 1452 738 1522 noctesque
752 1441 784 1502 N
785 1443 892 1503 eronis'

141 1559 208 1638 jam
224 1558 337 1619 medias
352 1558 505 1636 aliamque
519 1557 639 1630 famem,
654 1576 722 1617 cum
737 1556 842 1635 pulmo
857 1555 988 1618 Falerno

136 1669 265 1730 arderet.
307 1669 385 1729 nulli
400 1670 496 1748 major
509 1667 568 1729 fuit
582 1689 653 1728 usus
667 1667 775 1728 edendi

136 1792 315 1863 tempestate
329 1804 413 1844 mea:
435 1783 546 1845 Circeis
562 1792 635 1843 nata
649 1781 747 1843 forent
762 1803 802 1843 au
1040 1783 1099 1846 140

136 1896 307 1957 Lucrinum
323 1896 363 1956 ad
377 1917 484 1956 saxum
501 1896 697 1975 Rutupinove
712 1895 793 1957 edita
807 1894 902 1957 fundo

136 2018 245 2083 ostrea,
260 2009 391 2070 callebat
405 2010 503 2088 primo
517 2008 720 2088 depraendere
734 2029 851 2082 morsu;

136 2129 168 2180 et
182 2120 273 2181 semel
288 2120 400 2199 aspecti
415 2120 488 2180 litus
502 2119 621 2180 dicebat
635 2120 742 2180 echini.

135 2233 281 2312 surgitur,
295 2242 325 2293 et
339 2233 428 2294 misso
442 2253 578 2312 proceres
592 2233 675 2294 exire
684 2233 832 2313 jubentur

136 2345 271 2419 consilio,
286 2366 360 2425 quos
374 2345 530 2406 Albanam
544 2345 749 2426 dux-magnus
763 2347 795 2405 in
809 2366 908 2407 arcem
1039 2347 1098 2409 145

136 2466 275 2519 traxerat
288 2457 431 2518 attonitos
445 2466 475 2517 et
489 2457 630 2518 festinare
644 2465 769 2530 coactos,

136 2579 295 2648 tamquam
309 2569 347 2629 de
360 2569 456 2630 Cattis
471 2569 588 2650 aliquid
602 2569 754 2649 torvisque
769 2569 940 2649 Sycambris

136 2682 284 2754 dicturus,
298 2689 454 2762 tamquam
469 2702 485 2742 e
499 2681 624 2743 diversis
639 2681 776 2762 partibus
790 2683 870 2744 orbis

135 2795 232 2856 anxia
246 2793 405 2874 praecipiti
420 2794 549 2856 venisset
563 2795 692 2874 epistula
706 2796 807 2874 pinna

178 2915 270 2985 atque
285 2905 402 2966 utinam
418 2905 465 2966 his
479 2905 579 2986 potius
593 2906 681 2986 nugis
695 2915 759 2967 tota
773 2907 828 2968 illa
842 2909 971 2972 dedisset
1040 2913 1098 2974 150

135 3030 275 3099 tempora
288 3020 440 3093 saevitiae,
455 3020 552 3080 claras
567 3020 676 3100 quibus
690 3020 816 3082 abstulit
830 3023 899 3084 urbi

135 3132 339 3212 inlustresque
353 3132 469 3194 animas
483 3133 607 3213 impune
621 3142 651 3194 et
664 3133 784 3196 vindice
798 3135 900 3197 nullo!

136 3243 191 3304 sed
206 3243 305 3322 periit,
320 3251 478 3322 postquam
493 3242 671 3304 cerdonibus
686 3264 747 3303 esse
761 3244 911 3307 timendus

137 3364 294 3434 coeperat:
316 3354 373 3415 hoc
387 3354 490 3414 nocuit
504 3353 681 3414 Lamiarum
696 3354 787 3415 caede
801 3356 942 3418 madenti.
