2516 3806
468 277 640 325 sATVRA
668 279 744 328 XV·

126 446 159 500 et
171 457 243 499 sane
258 457 319 518 quo
332 443 378 497 tot
392 434 522 496 rixantis
535 434 622 496 milia
635 433 751 509 turbae,

127 552 153 612 si
167 552 279 615 vivunt
292 551 414 610 omnes?
435 569 505 628 ergo
520 548 618 609 acrior
631 548 771 629 impetus,
786 559 816 612 et
834 551 900 632 jam

127 685 204 726 saxa
218 663 371 724 inclinatis
385 683 439 742 per
452 662 578 722 humum
594 663 730 742 quaesita
743 664 863 726 lacertis

128 777 280 856 incipiunt
293 785 440 854 torquere,
455 772 618 834 domestica
631 774 771 836 seditioni

128 890 200 966 tela,
215 909 270 950 nec
283 889 366 948 huno
381 886 514 966 lapidem
530 886 628 966 qualis
642 896 673 948 et
686 887 807 951 Turnus
820 900 851 952 et
864 891 957 972 Ajax,

128 1004 180 1067 vel
194 1024 254 1083 quo
268 1002 399 1082 Tydides
413 1000 559 1081 percussit
574 1001 706 1080 pondere
721 1022 827 1064 coxam

129 1116 262 1188 Aeneae,
277 1115 328 1176 sed
343 1135 432 1195 quem
446 1113 570 1176 valeant
584 1113 719 1174 emittere
732 1114 858 1177 dextrae

129 1230 191 1290 illis
206 1228 365 1289 dissimiles
379 1235 409 1288 et
422 1235 523 1288 nostro
538 1235 674 1306 tempore
688 1235 786 1288 natae.

129 1364 202 1404 nam
216 1362 310 1422 genus
324 1341 381 1402 hoo
395 1341 466 1404 vivo
482 1341 548 1420 jam
563 1339 752 1401 decrescebat
766 1340 918 1416 Homero;

129 1452 321 1516 terra‘malos
334 1453 471 1514 homines
485 1471 566 1512 nunc
581 1450 691 1512 educat
705 1459 796 1532 atque
810 1452 945 1532 pusillos.
1050 1456 1089 1518 70

94 1585 98 1592 ·
129 1589 200 1648 ergo
215 1569 297 1641 deus,
312 1567 494 1648 quicumque
508 1565 635 1647 aspexit,
651 1565 729 1625 ridet
743 1574 773 1626 et
786 1567 858 1630 odit.

169 1681 202 1742 A
215 1680 401 1744 deverticulo
415 1689 569 1762 repetatur
583 1679 697 1740 fabula.
739 1688 908 1759 postquam,

129 1794 271 1856 subsidiis
286 1795 377 1868 aucti,
390 1815 460 1875 pars
475 1794 571 1855 altera
587 1814 724 1873 promere
738 1793 851 1857 ferrum

129 1909 222 1969 audet
236 1916 266 1968 et
280 1907 394 1968 infestis
408 1927 542 1987 pugnam
559 1907 728 1970 instaurare
742 1909 874 1987 sagittis:

129 2030 215 2101 terga
229 2021 303 2100 fuga
317 2019 406 2080 celeri
420 2029 575 2098 praestant
589 2020 771 2082 instantibus
787 2022 893 2084 Ombis
1048 2026 1088 2089 75

130 2136 182 2214 qui
196 2134 299 2196 vicina
313 2133 417 2194 colunt
431 2132 589 2194 umbrosae
603 2133 737 2214 Tentyra
752 2136 881 2215 palmae.

129 2247 245 2308 labitur
258 2246 331 2306 hinc
345 2245 469 2326 quidam
484 2246 579 2306 nimia
593 2246 754 2308 formidine
768 2238 888 2310 cursum

129 2358 341 2439 praecipitans,
353 2359 538 2437 capiturque.
584 2368 631 2422 ast
641 2359 729 2420 illum
741 2361 771 2423 in
781 2362 914 2441 plurima
922 2373 1035 2424 sectum

129 2471 227 2532 frusta
241 2479 271 2531 et
285 2470 458 2550 particulas,
473 2479 508 2530 ut
521 2470 625 2530 multis
641 2483 778 2534 mortuus
793 2494 869 2534 unus

129 2586 286 2658 sufficeret,
300 2594 398 2645 totum
413 2587 537 2646 corrosis
554 2586 668 2646 ossibus
682 2587 746 2648 edit
1050 2591 1089 2654 80

129 2683 243 2760 victrix
257 2686 366 2770 turba3
387 2718 442 2758 nec
456 2699 576 2760 ardenti
592 2700 714 2762 decoxit
727 2722 802 2763 aeno

129 2820 183 2872 aut
197 2810 338 2884 veribus;
359 2811 484 2890 longum
499 2832 594 2892 usque
610 2814 684 2875 adeo
698 2815 880 2895 tardumque
894 2815 1015 2895 putavit

129 2936 290 3008 expectare
303 2927 392 3000 focos,
408 2937 550 2989 contenta
565 2929 712 2991 cadavere
727 2931 828 2992 crudo.

130 3017 184 3102 hid
193 3040 325 3120 gaudere
339 3039 422 3114 libet,
437 3041 518 3121 quod
533 3062 593 3102 non
608 3043 768 3104 violaverit
782 3044 892 3122 ignem,

129 3175 219 3235 quem
233 3175 352 3215 summa
366 3154 442 3214 caeli
456 3164 578 3234 raptum
593 3156 631 3216 de
644 3165 731 3236 parte
744 3155 941 3217 Prometheus
1051 3157 1090 3218 85

130 3268 256 3331 donavit
269 3268 376 3343 terris:
399 3269 546 3330 elemento
562 3270 708 3350 gratulor,
723 3278 753 3331 et
766 3279 796 3332 te

130 3383 269 3444 exultare
283 3403 357 3443 reor.
399 3383 450 3444 sed
466 3384 518 3463 qui
533 3385 669 3446 mordere
684 3385 814 3448 cadaver

130 3492 281 3566 sustinuit,
295 3491 340 3551 nil
355 3513 500 3574 umquam
513 3493 572 3554 hac
586 3514 677 3555 carne
691 3494 833 3557 libentius
849 3494 920 3557 edit
