2516 3806
158 213 220 276 106
405 227 583 275 n.1vn11
612 226 859 274 rvvsnxnrs

156 393 247 464 atque
261 384 435 445 exercendis
449 381 663 463 capiendisque
678 383 794 443 artibus
809 383 873 462 apti
1061 386 1124 448 145

156 519 275 560 sensum
289 521 308 560 a
323 499 443 560 caelesti
458 499 619 560 demissum
635 498 786 559 traximus
800 519 876 571 arce,

157 612 242 691 cujus
256 621 344 691 egent
359 632 454 691 prona
469 622 499 672 ct
513 620 624 671 terram
640 611 816 690 spectantia.
857 611 964 671 mundi

157 724 304 804 principio
319 723 445 783 indulsit
460 723 627 783 communis
642 722 780 783 conditor
794 722 855 782 illis

156 840 275 894 tantum
286 833 411 905 animas,
421 832 507 893 nobis
518 832 654 892 animum
667 851 796 952 quoque,
808 840 931 892 mutuus
942 840 978 892 ut
988 853 1044 894 nos

155 944 290 1005 adfectus
304 952 405 1024 petere
418 944 569 1005 auxilium
585 953 615 1004 et
628 952 781 1023 praestare
797 942 926 1023 juberet,
1006 965 1009 971 ·
1059 945 1121 1006 150

155 1057 301 1136 dispersos
315 1056 435 1117 trahere
449 1056 481 1116 in
495 1056 652 1137 populum,
669 1056 801 1136 migrare
814 1064 933 1119 vetusto

156 1170 194 1231 de
207 1191 328 1230 nemore
341 1177 371 1230 et
384 1171 505 1250 proavis
518 1168 671 1230 habitatas
687 1170 824 1250 linquere
837 1168 940 1242 silvas,

155 1284 313 1345 aedificare
327 1283 439 1357 domos,
453 1283 568 1344 laribus
583 1284 764 1363 conjungere
777 1283 885 1344 nostris

155 1408 268 1461 tectum
282 1398 375 1472 aliud,
389 1407 470 1460 tutos
483 1399 584 1461 vicino
598 1399 703 1459 limine
715 1419 835 1460 somnos

155 1524 191 1574 ut
204 1512 425 1575 conlatadaret
438 1513 558 1585 fiducia,
573 1521 728 1593 protegere
742 1487 834 1575 armis
1057 1513 1118 1573 155

155 1625 273 1704 lapsum
289 1633 342 1686 aut
355 1625 470 1706 ingenti
484 1632 642 1685 nutantem
656 1625 782 1688 vulnere
796 1626 901 1700 civem,

155 1738 308 1799 communi
321 1738 394 1799 dare
407 1737 494 1816 signa
507 1737 591 1812 tuba,
606 1737 759 1800 defendier
774 1739 869 1800 isdem

155 1850 288 1912 turribus
302 1859 393 1930 atque
407 1871 468 1910 una
481 1858 637 1929 portarum
652 1851 738 1913 clave
752 1852 856 1912 teneri.

120 2043 125 2050 ἱ
154 1967 205 2028 sed
221 1967 287 2046 jam
301 1974 473 2044 serpentum
487 1965 583 2044 major
597 1965 764 2029 concordia.
805 1965 903 2045 parcit

154 2079 289 2158 cognatis
302 2077 429 2138 maculis
444 2075 551 2139 similis
565 2077 636 2138 fera.
681 2079 802 2158 quando
816 2079 896 2139 leoni
1055 2083 1114 2145 160

154 2190 259 2252 fortior
273 2190 385 2270 eripuit
398 2191 493 2251 vitam
508 2190 576 2252 leo?
596 2211 655 2270 quo
669 2211 791 2252 nemore
804 2211 949 2278 umquam

154 2304 320 2384 exspiravit
334 2323 407 2384 aper
420 2304 541 2383 majoris
556 2303 695 2365 dentibus
709 2304 797 2382 apri?

154 2417 261 2482 Indica
275 2419 360 2498 tigris
375 2419 439 2498 agit
453 2418 560 2478 rabida
575 2439 644 2480 cum
658 2419 770 2498 tigride
783 2439 886 2499 pacem

153 2541 339 2611 perpetuam,
354 2532 450 2593 saevis
464 2532 543 2592 inter
556 2552 588 2592 se
602 2532 743 2594 convenit
758 2533 842 2594 ursis.

153 2654 199 2706 ast
213 2646 327 2706 homini
342 2645 454 2706 ferrum
468 2645 560 2707 letale
574 2646 683 2706 incude
700 2647 831 2708 nefanda
1051 2649 1110 2710 165

152 2760 330 2840 produxisse
343 2779 452 2838 parum
466 2768 518 2832 est,
534 2780 603 2820 oum
618 2769 715 2822 rastra
729 2770 759 2822 et
772 2760 891 2822 sarcula
903 2769 1024 2822 tantum

152 2871 269 2934 adsueti
283 2892 410 2951 coquere
424 2880 453 2932 et
466 2873 575 2933 marris
590 2893 625 2934 ao
638 2894 759 2935 vomere
773 2873 843 2935 lassi

151 2984 311 3045 nescierint
325 2984 416 3064 primi
430 2984 548 3064 gladios
563 2986 725 3047 extendere
739 2986 826 3047 fabri.

152 3097 313 3176 aspicimus
326 3097 462 3177 populos,
479 3119 607 3178 quorum
622 3119 682 3161 non
697 3099 806 3160 sufficit
819 3099 882 3161 irae

152 3210 293 3275 occidisse
306 3209 448 3288 aliquem,
462 3211 513 3270 sed
528 3219 660 3289 pectora,
675 3211 809 3284 brachia,
823 3212 944 3274 vultum
1052 3213 1111 3273 170

153 3321 335 3382 crediderint
349 3340 443 3398 genus
457 3341 518 3381 esse
533 3322 601 3382 cibi.
644 3323 717 3401 quid
731 3322 844 3383 diceret
858 3344 937 3402 ergo,

152 3429 202 3491 vel
217 3449 276 3508 quo
290 3449 351 3490 non
364 3429 490 3511 fugeret,
504 3431 529 3489 si
543 3451 624 3492 nunc
639 3432 713 3492 haec
727 3442 861 3494 monstra
875 3433 992 3496 viderat
