2536 3806
450 221 623 269 SATVRA
652 221 757 270 V111.

127 375 253 456 indulge
266 375 388 439 veniam
402 378 511 456 pueris.
554 377 723 438 Lateranus
737 379 776 439 ad
791 379 860 440 illos

127 487 314 548 thermarum
330 487 437 548 calices
450 487 654 567 inscriptaque
668 487 763 548 lintea
776 489 863 550 vadit

125 609 265 660 maturus
279 600 360 661 bello
374 600 539 661 Armeniae
552 600 717 680 Syriaeque
731 602 851 664 tuendis

126 713 268 775 amnibus
282 724 312 775 et
326 715 433 777 Rheno
447 725 539 796 atque
552 715 676 788 Histr0;
691 727 843 796 praestare
857 715 1010 780 Neronem
1027 722 1085 782 170

124 852 265 892 securum
281 833 363 894 valet
377 833 451 895 haec
465 844 555 894 aetas.
596 835 683 895 mitte
698 835 793 910 Ostia,
808 837 928 910 Caesar,

19 1017 22 1024 y
125 944 222 1017 mitte,
236 944 288 1004 sed
303 945 334 1003 in
349 965 460 1024 magna
474 945 608 1024 legatum
624 967 734 1026 quaere
747 948 878 1028 popina;

124 1057 262 1118 invenies
276 1057 378 1138 aliquo
393 1077 460 1118 curn
476 1079 648 1137 percussore
664 1061 826 1140 jacentem,

125 1169 313 1248 permixtum
327 1171 429 1230 nautis
443 1179 473 1230 et
486 1171 605 1232 furibus
619 1193 655 1232 ac
668 1172 815 1252 fugitivis,

124 1281 207 1340 inter
221 1280 375 1341 carnifices
389 1290 419 1341 et
433 1281 533 1343 fabros
546 1283 775 1362 sandapilarum

124 1406 156 1457 et
170 1397 337 1476 resupinati
352 1399 502 1460 cessantia·
512 1409 658 1480 tympana
672 1401 756 1480 galli.

124 1531 223 1591 aequa
237 1510 280 1571 ibi
296 1511 428 1586 libertas,
443 1514 615 1574 communia
628 1516 747 1594 pocula,
762 1515 858 1578 lectus
1002 1513 1007 1552 ²

124 1647 187 1686 non
202 1625 281 1686 alius
296 1625 447 1705 cuiquam,
461 1646 516 1687 nee
530 1647 633 1688 mensa
647 1629 789 1690 remotior
802 1629 868 1691 ulli.
1003 1599 1006 1614 Ι

125 1739 201 1820 quid
215 1739 309 1800 facias
324 1739 414 1798 talem
430 1739 561 1813 sortitus,
576 1739 710 1813 Pontice,
724 1743 866 1803 servum?

125 1874 235 1933 nempe
249 1853 280 1913 in
295 1851 436 1913 Lucanos
450 1863 504 1912 aut
517 1852 616 1913 Tusca
629 1853 781 1932 ergastula
796 1855 906 1915 mittas.
1025 1856 1083 1917 180

125 1979 234 2042 alvos,
252 1966 448 2048 Trojugenae‚
464 1965 549 2028 vobis
563 1966 724 2045 ignoscitis,
739 1975 861 2047 atquae

62 2149 69 2161 ι
126 2086 229 2164 turpia
244 2083 374 2154 cerdoni,
390 2080 516 2142 Volesos
531 2079 722 2159 Brutumque
736 2079 893 2142 docebunt.

166 2198 261 2275 Quid,
275 2198 300 2257 si
314 2215 481 2275 numquam
496 2193 571 2254 adeo
585 2192 679 2254 foedis
694 2193 828 2273 adeoque
842 2192 991 2273 pudendis

125 2311 241 2372 utimur
255 2309 411 2388 exemplis,
427 2317 461 2368 ut
476 2327 535 2367 non
550 2307 652 2385 pejora
666 2307 837 2385 supersint?

125 2422 310 2502 consumptis
324 2420 431 2500 opibus
446 2440 560 2492 vocem,
574 2418 769 2498 Damasippo,
784 2420 889 2481 locasti
1025 2397 1083 2481 185

124 2537 246 2616 sipario,
261 2535 427 2596 clamosum
442 2553 545 2613 ageres
560 2540 595 2593 ut
612 2532 745 2593 Phasma
758 2531 883 2593 catulli.

124 2647 312 2708 Laureolum
326 2647 417 2708 velox
432 2646 523 2706 etiam
539 2645 615 2705 bene
629 2645 779 2705 Lentulus
793 2644 863 2723 egit,

128 2763 233 2842 judice
246 2783 295 2822 me
309 2761 419 2841 dignus
433 2781 506 2822 vera
521 2780 617 2820 cruce.
659 2779 714 2818 nec
729 2768 830 2818 tamen
845 2743 904 2838 ipsi

124 2876 261 2955 ignoscas
276 2873 405 2954 populo:
427 2872 534 2952 populi
548 2871 631 2931 frons
645 2870 750 2931 durior
763 2871 864 2950 hujus,

124 2988 177 3068 qui
191 2986 274 3048 sedet
289 2995 319 3046 et
332 2993 448 3064 spectat
462 2984 617 3044 triscurria
632 2983 837 3062 patriciorum,
1025 2983 1083 3043 190

104 3161 107 3164 ,
124 3097 301 3178 planipedes
316 3097 402 3157 audit
416 3095 537 3169 Fabios,
552 3095 650 3156 ridere
663 3104 761 3175 potest
775 3095 828 3174 qui

124 3193 349 3272 Mamercorum
364 3209 479 3288 alapas.
522 3209 628 3288 quanti
643 3228 697 3268 sua
712 3208 820 3269 funera
833 3208 977 3282 vendant,

125 3324 198 3404 quid
213 3323 325 3383 refert?
345 3322 482 3384 vendunt
496 3320 582 3381 nullo
597 3329 720 3399 cogente
734 3319 865 3393 Nerone,

124 3455 179 3496 nec
194 3434 338 3494 dubitent
351 3432 422 3494 celsi
437 3432 583 3512 praetoris
596 3430 728 3493 vendere
742 3431 831 3492 ludis.
