2536 3806
190 206 232 268 90
436 224 614 272 n.1vu11
642 225 891 272 rvvnurms

189 400 258 440 curn
272 378 399 440 subeant
413 380 529 440 animos
542 368 724 441 auctoribus.¹
765 402 843 443 unus
857 392 887 442 et
901 382 979 444 alter

121 485 124 494 ’
188 490 314 551 forsitan
327 491 401 552 haec
415 500 559 570 spernant
574 493 710 571 juvenes,
725 491 834 572 quibus
848 503 914 554 arte
927 493 1062 575 benigna

187 613 217 663 et
231 603 353 664 meliore
367 604 432 664 luto
446 605 537 665 finxit
549 605 725 684 praecordia
739 605 829 666 Titan
842 628 849 679 ;
1109 610 1146 668 35

187 717 238 776 sed
253 716 383 796 reliquos
396 717 541 796 fugienda
554 727 677 796 patrum
692 718 819 797 vestigia
833 718 949 779 ducunt

188 842 219 887 et
232 837 397 888 monstrata
411 829 465 888 diu
479 829 588 890 veteris
603 830 697 889 trahit
711 829 810 890 orbita
825 831 941 910 culpae.

188 944 337 1004 abstineas
351 945 445 1024 igitur
458 945 646 1006 damnandis.
688 947 778 1026 hujus
792 947 873 1006 enim
888 947 936 1010 vel

176 1077 249 1119 ‘una
262 1069 367 1138 potens
382 1062 459 1119 ratio
474 1068 525 1132 est,
541 1080 579 1120 ne
593 1060 720 1121 crimina
734 1069 838 1121 nostra
851 1071 1016 1140 sequantur

187 1195 225 1232 ex
240 1172 325 1233 nobis
339 1173 442 1253 geniti,
457 1175 600 1253 quoniam
614 1174 725 1235 dociles
739 1175 893 1236 imitandis
1003 1245 1006 1252 ¹
1106 1179 1142 1238 40

187 1285 325 1364 turpibus
340 1306 375 1346 ao
389 1287 491 1365 pravis
506 1307 608 1346 omnes
622 1307 733 1360 sumne,
747 1296 776 1348 et
792 1287 958 1349 Catilinam

186 1418 374 1488 quocumque
388 1400 420 1457 in
434 1399 548 1478 populo
562 1400 673 1473 videas,
689 1421 877 1480 quocumque
890 1401 946 1462 sub
960 1423 1028 1478 axe,

185 1513 236 1573 sed
251 1533 305 1594 nec
320 1513 434 1573 Brutus
448 1513 514 1586 erit,
529 1514 619 1574 Bruti
633 1535 687 1574 neo
702 1514 871 1575 avunculus
885 1535 1021 1596 usquam.

185 1625 229 1685 nil
244 1625 327 1686 dictu
341 1625 463 1686 foedum
477 1626 604 1706 visuque
618 1627 693 1688 haec
707 1627 813 1688 limina
827 1637 942 1708 tangat,

184 1739 265 1799 intra
279 1759 357 1819 quae
370 1748 458 1819 pater
471 1747 523 1799 est
565 1739 681 1818 procul,
696 1759 714 1799 a
728 1740 833 1818 procul
848 1739 919 1800 inde
932 1742 1055 1820 puellae
1103 1746 1139 1806 45

185 1853 328 1914 lenonum
342 1863 371 1914 et
385 1861 493 1915 cantus
507 1854 711 1934 pernoctantis
725 1854 867 1933 parasitil

183 1967 319 2026 maxima
333 1967 459 2027 debetur
473 1986 566 2046 puero
580 1965 756 2027 reverentia.
797 1966 822 2026 si
836 1966 910 2046 quid

183 2090 272 2160 turpe
285 2101 383 2160 paras,
401 2090 487 2141 netu
501 2080 588 2160 pueri
603 2081 813 2160 contempseris
828 2100 931 2156 annos,

182 2194 234 2254 sed
249 2203 408 2273 peccaturo
423 2193 520 2254 obstet
534 2192 590 2253 tibi
604 2193 685 2253 filius
699 2193 806 2253 infans.

182 2308 293 2367 namsi
307 2307 380 2387 quid
395 2307 520 2387 dignum
536 2307 665 2367 censoris
679 2307 783 2367 fecerit
796 2306 843 2368 ira
1102 2311 1138 2373 50

182 2422 362 2501 quandoque
376 2430 406 2482 et
419 2421 547 2481 similem
562 2419 619 2479 tibi
633 2440 664 2480 se
678 2437 738 2480 non
753 2440 876 2499 corpore
889 2428 1009 2484 tantum

180 2553 236 2594 nec
251 2533 337 2595 vultu
353 2533 477 2606 dederit,
493 2552 610 2592 morum
626 2552 744 2611 quoque
757 2531 838 2592 filius
851 2541 881 2592 et
895 2532 970 2612 qui·

180 2647 282 2708 omnia
296 2647 426 2708 deterius
440 2656 494 2708 tua
509 2666 563 2725 per
577 2645 703 2724 vestigia
718 2654 829 2724 peccet,

180 2759 321 2837 corripies
335 2758 478 2817 nimirum
494 2766 523 2817 et
538 2755 698 2835 castigabis
713 2755 821 2817 acerbo

179 2871 310 2932 clamore
324 2891 359 2930 ac
373 2879 440 2949 post
454 2870 528 2930 haec
542 2868 662 2930 tabulas
677 2878 795 2930 mutare
809 2869 938 2948 parebis.
1098 2875 1134 2938 55

179 2984 259 3045 unde
272 2983 329 3045 tibi
343 2983 471 3044 frontem
487 2982 716 3061 libertatemque
731 2983 873 3061 parentis,

178 3117 246 3157 oum
261 3095 353 3156 facias
367 3095 469 3174 pejora
483 3114 582 3166 senex,
597 3113 787 3173 vacuumque
802 3094 923 3155 cerebro

180 3211 246 3288 jam
260 3209 378 3288 pridem
393 3217 484 3287 caput
498 3208 555 3269 hoc
569 3217 695 3268 ventosa
710 3208 868 3269 cucurbita
883 3211 1030 3289 quaerat?

217 3321 346 3398 Hospite
360 3329 487 3380 venturo
501 3319 627 3378 cessabit
641 3340 727 3378 nemo
741 3328 870 3380 tuorum.

177 3434 280 3489 ‘verre
294 3428 511 3507 pavimentum,
526 3427 637 3488 nitidas
651 3429 772 3489 ostende
786 3431 950 3506 columnas,
1094 3439 1130 3498 60
