2536 3806
482 247 655 295 SATVRA
685 247 767 295 VII·

82 431 85 435 ·
139 404 293 466 constabit
306 404 387 484 patri
401 423 494 483 quam
508 403 596 464 filius.
639 403 737 464 ‘unde
751 403 845 482 igitur
858 411 904 463 tot

139 517 354 595 Quintilianus
367 515 460 577 habet
473 515 568 576 saltus
577 515 605 576 l’
627 514 768 593 exempla
782 534 930 578 novorum

139 630 272 690 fatorum
289 628 400 689 transi:
423 626 498 688 felix
513 635 543 686 et
557 625 684 706 pulcher
698 635 728 686 et
742 647 819 699 acer,
1047 626 1104 687 190

139 739 219 799 felix
232 747 263 800 et
276 739 394 818 sapiens
408 746 438 798 et
452 735 562 797 nobilia
581 744 612 797 et
625 756 784 816 generosus

139 851 311 929 adpositam
326 851 430 930 nigrae
444 849 549 909 lunam
564 848 699 910 subtexit
713 845 816 910 alutae
824 872 832 923 ;

139 966 218 1025 felix
232 975 334 1027 orator
347 985 466 1045 quoque
481 964 632 1024 maximus
647 973 677 1024 et
686 963 849 1042 jaculator,

139 1089 181 1152 et,
196 1079 220 1139 si
235 1080 386 1160 perfrixit,
400 1089 504 1140 cantat
518 1077 601 1138 bene.
643 1078 736 1138 distat
750 1079 841 1150 enim,
855 1099 933 1157 quaa

139 1194 241 1254 sidera
255 1204 284 1254 te
298 1193 453 1272 excipiant
468 1193 556 1253 modo
573 1193 685 1272 primos
700 1191 893 1271 incipientem
1046 1192 1103 1254 195

140 1308 230 1368 edere
244 1308 364 1386 vagitus
379 1317 409 1368 et
422 1307 522 1367 adhuc
537 1327 555 1366 a
570 1314 666 1366 matre
681 1305 847 1368 rubentem.

139 1421 168 1482 ei
182 1421 320 1482 Fortuna
333 1421 425 1494 volet,
439 1420 490 1481 fiae
504 1421 542 1481 de
556 1421 675 1481 rhetore
689 1420 809 1493 coneul;

139 1535 168 1596 ai
183 1535 265 1597 volet
279 1535 354 1596 haec
368 1536 481 1608 eadem,
496 1534 548 1595 fies
563 1536 601 1596 de
615 1533 737 1596 consule
752 1535 862 1596 rhetor.

140 1647 307 1709 Ventidius
315 1648 390 1727 quid
398 1648 499 1709 enim?
513 1647 587 1727 quid
596 1647 736 1712 Tullius?
749 1647 922 1708 annoaliud
931 1669 1023 1732 quam

139 1761 225 1822 sidus
239 1770 269 1821 et
283 1760 394 1822 occulti
408 1761 548 1821 miranda
562 1761 697 1840 potentia
711 1759 788 1821 fati?
1046 1763 1105 1824 200

139 1873 236 1934 servia
251 1892 343 1950 regna
357 1870 484 1944 dabunt,
499 1871 627 1951 captivis
642 1871 705 1932 fata
720 1872 917 1951 triumphurn.

75 2059 79 2064 1
139 1985 218 2046 felix
233 1984 286 2043 ille
299 1993 401 2045 tamen
416 2003 506 2045 corvo
520 2004 639 2063 quoque
653 1983 749 2044 rarior
763 1985 842 2047 albo.

139 2099 293 2179 paenituit
307 2097 418 2158 multos
432 2118 530 2160 vanae
545 2097 713 2177 sterilisque
727 2100 896 2175 cathedrae,

138 2212 220 2273 sieut
234 2209 453 2290 Tharsymaohi
467 2210 577 2290 probat
590 2210 689 2271 exitus
707 2222 798 2291 atque
812 2214 942 2275 Secundi

139 2321 327 2384 Carrinatis:
348 2340 379 2382 er
392 2321 474 2382 hunc
489 2321 609 2400 inopem
623 2320 749 2395 vidistis,
765 2323 914 2400 Athenae,
1046 2331 1104 2391 205

139 2437 186 2497 nil
201 2444 320 2515 praeter
333 2434 449 2514 gelidas
463 2454 553 2495 ausae
568 2434 702 2495 conferre
717 2437 838 2499 cicutas.

139 2550 183 2623 di,
198 2548 347 2628 majorum
362 2531 476 2608 umbris
491 2555 612 2606 tenuem
627 2556 657 2607 et
671 2549 735 2608 aine
749 2552 881 2629 pondere
895 2561 1007 2614 terram

138 2661 343 2742 spirantisque
357 2681 458 2722 crocos
473 2668 503 2720 et
517 2661 547 2721 in
563 2681 641 2721 urna
656 2672 836 2743 perpetuum
851 2687 912 2740 ver,

139 2774 194 2855 qui
208 2781 434 2855 praeceptorem
448 2773 545 2833 sancti
561 2774 684 2835 voluere
698 2778 832 2854 parentis

139 2908 203 2948 esse
216 2886 299 2947 loco!
322 2893 457 2947 metuens
472 2886 577 2964 virgae
587 2887 653 2965 jam
668 2889 791 2966 grandis
806 2889 943 2953 Achillea
1045 2894 1104 2955 210

140 2995 286 3061 cantabat
299 2996 406 3076 patriis
422 2998 453 3058 in
468 2998 622 3058 montibus
636 3006 666 3058 et
681 3000 730 3059 cui
744 3021 805 3062 non
821 3011 894 3064 tunc

139 3112 261 3172 eliceret
276 3111 370 3170 risum
386 3111 553 3172 citharoedi
568 3113 666 3173 cauda
681 3114 836 3193 magistri;

139 3225 192 3286 sed
207 3223 324 3286 Rufum
338 3233 430 3304 atque
444 3225 518 3286 alioa
534 3226 632 3288 caedit
642 3247 697 3288 aua
712 3249 859 3310 quemque
869 3233 1023 3310 juventus,

140 3341 267 3415 Rufum,
282 3361 370 3420 quem
386 3341 494 3402 totiens
509 3341 682 3404 Ciceronem
698 3345 868 3427 Allobroga
882 3349 969 3411 dixit.

182 3455 266 3602 Quia1
273 3459 388 3602 greJmio
403 3455 509 3518 Celadi
523 3457 664 3540 doctique
679 3457 869 3526 Palaemonis
884 3462 984 3527 adfert
1045 3464 1103 3526 215

272 3577 306 3588 -
331 3550 378 3605 uv.
591 3552 615 3606 Ε
