2536 3806
511 207 685 258 SATVRA
712 209 744 258 1.

140 368 191 447 jus
205 366 327 429 nullum
342 367 441 438 uxori,
455 365 561 428 doctus
575 375 710 446 spectare
723 367 861 442 lacunar,

82 457 90 474 ⁶
143 479 250 540 doctus
263 490 294 539 et
307 480 346 539 ad
360 479 486 540 calicem
500 478 642 560 vigilanti
656 489 779 542 stertere
793 501 884 555 naso;

143 611 211 651 oum
227 592 272 651 fas
286 613 347 652 esse
361 599 447 671 putet
462 612 566 652 curam
580 613 700 672 sperare
714 594 854 667 cohortis,

142 703 194 782 qui
210 703 290 764 bona
303 703 429 765 donavit
442 704 636 785 praesepibus
650 715 680 766 et
694 715 777 768 caret
790 707 873 768 omui

140 818 291 896 majorum
305 837 404 890 censu,
418 817 492 879 duur
506 818 646 896 pervolat
658 839 717 880 axe
731 819 824 881 citato

139 928 327 989 Flaminiam
340 949 416 1008 puer
430 929 641 1004 Automedon;
662 951 734 993 nam
749 931 815 994 lora
828 932 953 996 tenebat

138 1044 212 1124 ipse,
227 1043 398 1105 lacernatae
411 1063 481 1104 oum
495 1064 525 1104 se
534 1044 666 1123 jactaret
679 1046 813 1108 amicael

138 1177 239 1217 nonne
253 1155 328 1216 libet
342 1155 439 1215 medio
454 1175 536 1216 ceras
550 1155 677 1236 implere
693 1177 819 1237 capaces

138 1269 309 1349 quadrivio,
324 1289 393 1330 cum
402 1269 468 1348 jam
483 1279 569 1330 sexta
582 1271 699 1334 cervice
712 1271 837 1344 feratur,

138 1385 210 1444 hino
224 1392 316 1463 atque
329 1383 401 1443 inde
413 1391 519 1462 patens
533 1405 569 1445 ac
583 1385 666 1446 nuda
679 1405 775 1466 paene
789 1384 934 1448 cathedra

138 1507 168 1558 et
183 1498 315 1566 multum
329 1496 459 1560 referens
473 1497 511 1560 de
523 1498 700 1561 Maecenate
713 1499 832 1578 supine,

137 1613 274 1691 signator
287 1609 372 1683 falso,
386 1611 439 1690 qui
452 1632 483 1672 se
496 1611 616 1674 lautum
630 1622 721 1693 atque
736 1613 861 1675 beatum

138 1725 256 1804 exiguis
271 1723 384 1786 tabulis
398 1733 428 1785 et
441 1745 560 1806 gemma
573 1725 686 1788 fecerat
700 1728 783 1789 uda?

138 1840 271 1900 occurrit
284 1847 422 1900 matrona
435 1847 549 1918 potens,
564 1859 641 1919 quae
655 1839 746 1902 molle
761 1838 909 1902 Calenum

137 1959 315 2031 porrectura
328 1951 394 2011 viro
409 1950 512 2010 miscet
526 1951 645 2012 sitiente
660 1951 806 2024 rubetam,

137 2066 329 2145 instituitque
342 2064 431 2124 rudes
444 2064 551 2124 melior
565 2063 700 2125 Lucusta
713 2064 898 2144 propinquas

137 2203 191 2262 per
204 2181 318 2242 famam
334 2187 364 2240 et
377 2179 524 2258 populum
538 2179 639 2257 nigros
653 2178 757 2238 efferre
771 2179 902 2238 maritos

137 2294 215 2354 aude
229 2291 346 2371 aliquid
361 2290 503 2352 brevibus
517 2289 628 2369 Gyaris
642 2297 673 2351 st
686 2309 804 2376 carcere
818 2289 954 2368 dignum,

137 2405 161 2464 si
176 2405 223 2466 vis
236 2425 297 2464 esse
312 2403 436 2482 aliquid.
478 2402 612 2482 probitas
626 2400 770 2463 laudatur
784 2409 814 2462 et
828 2401 918 2480 alget.

138 2517 313 2578 criminibus
328 2516 438 2577 debent
451 2515 562 2587 hortos,
576 2514 737 2594 praetoria,
751 2534 877 2587 mensas,

137 2640 296 2711 argentum
311 2640 406 2702 vetus,
420 2638 450 2690 et
463 2639 593 2690 stantem
608 2637 696 2691 extra
710 2628 820 2707 pocula
834 2649 968 2708 caprum.

136 2765 226 2823 quem
240 2742 357 2821 patitur
371 2742 501 2803 dormire
513 2762 609 2802 nurus
623 2751 781 2819 corruptor
794 2759 916 2814 avarae,

136 2879 226 2938 quem
240 2876 366 2936 sponsae
380 2864 481 2935 turpes
495 2864 525 2916 et
539 2863 747 2935 praetextatus
761 2852 903 2916 adulter?

135 2970 159 3029 si
174 2977 287 3028 natura
299 2975 399 3046 negat,
414 2966 488 3027 facit
501 2965 672 3044 indignatio
687 2984 817 3036 versum,

136 3078 377 3159 qualemcunque
391 3086 497 3157 potest,
512 3076 617 3157 quales
631 3096 687 3155 ego
702 3076 751 3139 vel
767 3075 941 3139 Cluvienus.

176 3190 228 3250 Ex
243 3211 302 3270 quo
318 3190 496 3264 Deucalion,
511 3190 622 3252 nimbis
637 3188 813 3250 tollentibus
828 3210 950 3269 aequor,

135 3301 259 3380 navigio
274 3310 405 3362 montem
421 3301 555 3362 ascendit
569 3310 720 3380 sortesque
734 3301 878 3379 poposcit,

135 3416 345 3497 paulatimque
359 3416 460 3479 anima
475 3414 634 3479 caluerunt
649 3414 755 3477 mollia
769 3433 853 3490 saxa,
