2536 3806
457 235 629 284 SATVRA
658 237 763 284 VIII.

127 390 210 470 quod
224 389 306 452 Nero
321 400 385 451 tam
398 412 489 454 saeva
504 392 657 472 crudaque
671 391 833 472 tyrannide
848 391 942 454 fecit?

127 503 203 564 haee
217 524 309 583 opera
322 513 414 584 atque
427 505 485 565 hae
498 514 570 566 sunt
582 505 718 584 generosi
732 505 877 586 principis
891 515 979 581 artes,

126 619 287 696 gaudentis
301 619 388 680 foedo
402 619 562 699 peregrina
576 618 615 679 ad
631 618 752 699 pulpita
766 629 871 681 eantu-

126 732 269 811 prostitui
283 729 454 811 Graiaeque
468 733 572 811 apium
588 733 730 792 meruisse
744 753 880 795 coronae.

126 845 277 923 majorum
291 845 402 923 effigies
415 844 548 905 habeant
563 845 694 924 insignia
710 845 800 918 vonis,

126 965 198 1016 ante
211 957 301 1036 pedes
315 956 432 1016 Domiti
446 957 571 1036 longum
586 967 621 1018 tu
639 977 717 1037 pone
732 957 881 1038 Thyestae

125 1087 230 1148 syrma
243 1067 291 1129 vel
306 1067 475 1147 Antigones
490 1078 544 1128 aut
558 1087 718 1148 personam
733 1069 933 1150 Menalippes,

126 1189 157 1241 et
170 1182 209 1241 de
223 1201 390 1242 marmoreo
405 1182 553 1242 citharam
568 1183 715 1261 suspende
730 1183 850 1244 colosso,

169 1292 263 1370 Quid,
278 1293 420 1367 Catilina,
435 1295 495 1355 tuis
509 1294 662 1355 natalibus
676 1304 768 1374 atque
783 1293 909 1375 Cethegi

125 1404 262 1466 inveniet
275 1406 432 1485 quisquam
448 1406 627 1466 sublimius?
649 1427 735 1466 arma
749 1416 851 1466 tamen
867 1427 920 1468 vos

125 1530 276 1580 nocturna
289 1529 320 1580 et
333 1519 471 1580 flammas
485 1519 625 1580 domibus
642 1519 822 1598 templisque
835 1518 958 1597 paratis,

126 1643 162 1694 ut
176 1633 377 1694 Bracatorum
392 1632 478 1712 pueri
493 1631 705 1712 Senonumque
720 1632 859 1704 minores,

126 1751 192 1810 ausi
207 1750 288 1830 quod
302 1750 393 1811 liceat
407 1751 511 1810 tunica
525 1749 634 1828 punire
649 1748 782 1809 molesta.

125 1866 178 1926 sed
192 1865 302 1946 vigilat
315 1865 419 1926 consul
434 1865 609 1944 vexillaque
625 1874 723 1925 vestra
738 1875 863 1925 coercet.

125 1978 177 2039 hio
191 1999 287 2041 novus
301 1979 445 2060 Arpinas,
460 1977 601 2059 ignobilis
616 1987 645 2040 et
660 1978 749 2039 modo
764 1978 880 2040 Romae

126 2093 320 2172 municipalis
335 2113 432 2174 equas,
447 2092 601 2172 galeatum
616 2091 702 2171 ponit
718 2092 830 2172 ubique

126 2207 311 2287 praesidium
326 2207 461 2268 attonitis
475 2207 551 2267 etin
566 2206 647 2268 omni
663 2215 764 2267 monte
779 2206 906 2266 laborat.

127 2328 246 2381 tantum
262 2319 355 2400 igitur
370 2341 470 2381 muros
484 2321 565 2381 intra
579 2329 650 2399 toga
665 2319 794 2380 eontulit
809 2312 855 2377 illi

125 2433 257 2493 nominis
272 2451 307 2493 aa
322 2433 412 2507 tituli,
427 2443 575 2513 quantum
590 2434 644 2495 vix
659 2433 808 2504 leucade,
825 2441 974 2512 quantum

126 2541 299 2606 Thessaliae
314 2546 428 2626 campis
442 2544 589 2608 Octavius
603 2545 729 2606 abstulit
744 2546 804 2605 udo

126 2658 269 2719 caedibus
284 2657 411 2719 assiduis
424 2659 543 2738 gladi03
564 2667 609 2718 set
623 2657 722 2719 Roma
737 2666 903 2736 parentem,

126 2770 227 2832 Roma
241 2781 358 2852 patrem
373 2770 489 2852 patriae
503 2769 679 2835 Oioeronem
692 2773 789 2834 libera
803 2773 891 2833 dixit.

125 2883 263 2963 Arpinas
277 2884 354 2946 alius
368 2883 549 2946 Volscorum
564 2883 594 2944 in
610 2895 711 2946 moute
724 2884 840 2946 solebat

126 3017 248 3076 poscere
261 2997 419 3070 mercedes,
435 2997 533 3058 alieno
548 2997 643 3058 lassus
658 3007 777 3070 aratro;

126 3109 271 3170 nodosam
286 3118 353 3189 post
368 3110 441 3170 haeo
456 3106 616 3189 frangebat
630 3111 741 3172 vertlee
756 3111 859 3184 vitem,

125 3221 152 3282 si
166 3221 266 3282 lentus
280 3222 369 3301 pigra
383 3223 515 3282 muniret
530 3231 627 3282 eastra
642 3221 782 3282 dolabra:

125 3335 177 3395 hio
191 3343 293 3394 tamen
307 3343 337 3394 et
352 3334 490 3396 Cimbros
505 3344 534 3395 et
548 3352 666 3394 summa
680 3335 817 3414 pericula
832 3353 932 3396 rerum

124 3449 250 3529 exeipit,
265 3458 296 3511 et
309 3449 391 3511 solus
404 3451 607 3530 trepidantem
621 3451 752 3531 protegit
767 3452 890 3523 urbem;

1029 621 1088 681 225

1029 1185 1087 1246 230

1030 1749 1088 1809 235

1028 2319 1088 2380 240

1029 2887 1087 2948 245

1027 3451 1085 3512 250
