2536 3806
491 232 664 281 servan
692 233 797 282 v111.
1083 219 1125 282 55

166 385 206 466 [si
221 387 288 469 quis
302 385 334 448 in
349 387 489 450 aedicula
503 389 576 450 deus
590 389 705 450 unicus.
747 389 822 450 haec
836 389 947 450 etenim
961 399 1032 451 sunt

164 521 220 582 pro
233 503 368 576 summis,
383 523 454 564 nam
468 513 539 564 sunt
553 503 627 564 haec
642 504 786 565 maxima.
828 503 974 584 despicias
994 507 1043 584 tu]

163 616 292 676 forsitan
306 615 427 676 inbellis
443 616 579 677 Rhodios
593 625 778 696 unctamque
792 616 969 691 Corinthon,

163 728 312 807 despicias
326 729 450 800 merito;
473 728 546 807 quid
561 729 693 790 resinata
709 730 855 808 juventus

164 861 314 922 cruraque
328 843 421 902 totius
435 843 547 902 facient
561 842 616 903 tibi
632 843 713 904 levia
726 843 845 922 gentis?
1067 844 1124 903 115

164 956 290 1016 horrida
304 956 432 1018 vitanda
445 965 490 1017 est
504 955 665 1035 Hispania,
681 955 820 1017 Gallicus
834 956 901 1016 axis

165 1069 387 1148 Illyricumque
400 1069 498 1141 latus;
520 1088 611 1148 parce
626 1076 656 1128 et
670 1068 850 1128 messoribus
865 1069 935 1142 illis,

165 1185 218 1264 qui
232 1193 372 1244 saturant
386 1184 492 1244 urbem
508 1185 587 1245 circo
602 1203 767 1263 soenaeque
783 1192 950 1245 vacantem.

164 1306 281 1377 quanta
295 1306 396 1357 antem
412 1297 482 1357 inde
497 1298 572 1358 feres
587 1305 650 1357 tam
666 1297 750 1356 dirae
763 1296 899 1375 praemis
914 1295 1030 1376 cnlpae,

164 1434 235 1474 oum
249 1422 353 1474 tenues
366 1433 464 1492 nuper
477 1413 595 1474 Marius
610 1412 787 1474 discinxerit
804 1412 918 1473 Afros?
1066 1413 1124 1476 120

164 1526 334 1587 curandum
349 1525 381 1585 in
395 1526 509 1605 primis,
524 1547 564 1586 ne
576 1547 687 1606 magna
701 1525 813 1606 injuria
827 1526 881 1586 fiat

164 1639 294 1700 fortibus
308 1648 338 1700 et
352 1639 475 1700 miseris.
517 1640 606 1700 tollas
621 1640 692 1700 licet
707 1660 796 1701 omne
811 1639 892 1719 quod
906 1659 1033 1718 usquam
1048 1647 1092 1699 est

164 1752 232 1812 auri
247 1759 338 1832 atque
353 1751 480 1830 argenti,
496 1761 614 1812 scutum
629 1752 826 1831 gladiumque
842 1750 992 1829 relinques

165 1865 211 1941 [et
227 1864 366 1944 jaculum
381 1874 412 1924 ct
425 1864 561 1943 galeam:
583 1864 720 1944 spoliatis
735 1885 821 1925 arma
835 1866 1021 1945 supersunt}

164 1977 246 2058 quod
261 1977 350 2036 modo
364 1977 516 2056 proposui,
530 1997 591 2037 non
606 1985 650 2036 est
664 1978 821 2048 sententia,
839 1996 944 2039 verum
959 1986 1003 2037 est
1011 1997 1019 2050 ς
1066 1975 1125 2037 125

164 2090 278 2152 credite
292 2110 341 2149 me
355 2088 440 2151 vobis
454 2088 562 2150 folium
577 2089 703 2149 recitare
720 2089 863 2169 Sibyllae.

163 2207 189 2267 si
204 2205 261 2266 tibi
275 2213 380 2265 sancta
394 2203 500 2264 cohors
514 2203 668 2277 comitum,
683 2203 707 2264 si
724 2224 811 2264 nemo
825 2199 961 2264 tribunal

164 2317 271 2380 vendit
284 2335 491 2390 aoersccomes,
506 2316 531 2375 si
544 2315 665 2376 nullum
681 2316 711 2376 in
729 2317 856 2395 conjuge
871 2316 994 2389 crimen,

163 2453 220 2493 nec
234 2451 289 2511 per
302 2439 468 2492 conventus
482 2437 512 2489 et
526 2438 637 2490 cuncta
651 2449 705 2508 per
719 2427 832 2508 oppida
846 2429 947 2491 curvis

163 2544 318 2625 unguibus
333 2544 376 2604 ire
390 2552 479 2622 parat
492 2563 631 2604 nummos
646 2554 772 2623 raptura
786 2544 926 2619 Celaeno,
1067 2543 1126 2604 130

163 2669 199 2720 tu
213 2658 285 2718 licet
299 2676 318 2715 a
333 2655 405 2715 Pico
420 2662 558 2716 numeres
573 2675 677 2733 genus,
693 2656 816 2736 altaque
830 2657 855 2717 si
869 2665 900 2718 te

163 2771 289 2833 nomina
303 2769 465 2842 delectant,
480 2787 599 2852 omnem
615 2765 759 2829 Titanida
773 2789 909 2848 pugnam

163 2887 244 2947 inter
259 2884 386 2963 majores
401 2883 561 2973 ipsumque
575 2880 758 2944 Promethea
772 2902 884 2962 ponas:

163 2998 202 3059 de
216 3015 407 3077 quocumque
421 2995 504 3056 voles
519 3016 667 3075 proavum
683 2995 739 3056 tibi
754 2996 864 3056 sumito
878 2995 965 3057 libro.

164 3111 285 3193 quodsi
299 3094 497 3190 praecipitem
512 3109 593 3189 rapit
608 3109 734 3170 ambitio
749 3119 840 3189 atque
854 3109 960 3184 libido,
1067 3107 1124 3170 135

163 3227 189 3287 si
204 3225 320 3303 frangis
335 3223 437 3302 virgas
451 3222 599 3283 sociorum
614 3222 645 3282 in
660 3223 815 3302 sanguine,
830 3223 899 3282 site

163 3339 316 3400 delectant
330 3335 451 3396 hebetes
466 3335 543 3396 lasso
558 3334 665 3396 liotore
679 3353 805 3405 secures,

164 3449 274 3532 incipit
289 3451 421 3531 ipsorum
437 3457 543 3510 contra
557 3458 587 3510 te
601 3459 680 3510 stare
694 3459 855 3529 parentum
