2516 3806
485 206 658 256 SATVBA
685 209 783 257 XIV.

148 365 313 438 artificem3
335 365 447 444 quippe
461 365 508 424 his
522 374 660 426 crescunt
675 366 857 445 patrimonia
871 367 974 444 fabris,

147 478 201 538 sed
216 485 353 538 crescunt
366 496 555 555 quocumque
569 477 667 550 modo,
681 478 857 558 majoraque
870 478 948 541 fiunt

147 597 259 658 incude
273 596 393 658 assidua
406 616 582 675 semperque
596 597 721 657 ardente
735 598 862 660 camino.

109 693 112 698 ⁸
147 719 179 770 et
193 719 280 789 pater
292 730 363 788 ergo
377 708 471 769 animi
486 709 587 769 felices
602 709 698 770 eredit
711 730 829 785 avaros,

148 823 202 903 qui
216 823 345 883 miratur
358 842 437 901 opes,
452 822 504 900 qui
519 821 606 882 nulle
620 821 761 902 exempla
775 822 855 886 beati
1049 827 1108 888 120

147 919 290 1016 pabperis
304 955 366 996 esse
379 945 485 1014 putat;
502 936 630 1015 juvenes
644 935 784 998 hortatur
798 947 832 998 ut
846 939 933 1001 illam

147 1048 193 1109 ire
207 1047 289 1110 viam
305 1056 433 1127 pergant
446 1056 476 1107 et
490 1046 587 1108 eidem
603 1047 777 1110 incumbere
790 1061 896 1113 sectae.

147 1170 220 1222 sunt
234 1160 381 1240 quaedam
398 1160 541 1222 vitiorum
556 1159 721 1222 elementa:
741 1163 789 1223 his
803 1164 940 1242 protinus
954 1163 1023 1227 illos

147 1271 249 1333 inbuit
263 1282 293 1333 et
308 1271 388 1350 cogit
402 1270 543 1333 minimos
557 1271 687 1333 ediscere
700 1273 810 1341 sordes.

150 1387 238 1464 [mox
252 1384 433 1466 adquirendi
447 1385 535 1446 docet
549 1386 720 1447 insatiabile
734 1389 863 1466 votum]
1050 1389 1109 1450 125

147 1521 305 1563 servorum
319 1509 439 1562 ventres
454 1501 555 1561 modio
570 1501 697 1580 castigat
711 1501 825 1581 iniquo,

147 1615 213 1695 ipse
238 1633 358 1694 quoque
383 1614 531 1687 esuriens;
552 1633 649 1694 neque
671 1615 751 1675 enim
777 1615 879 1677 omnia
902 1615 1030 1678 sustinet

230 1746 375 1812 umquam

148 1840 272 1901 mucida
286 1839 416 1900 caerulei
430 1839 517 1918 panis
532 1859 704 1899 consumere
718 1838 824 1912 frusta,

148 1956 323 2016 hesternum
338 1953 444 2014 solitus
458 1953 558 2013 medio
573 1972 693 2014 servare
707 1953 838 2013 minutal

148 2065 328 2148 Septembri,
342 2087 398 2128 nec
412 2085 472 2126 non
488 2065 607 2126 differre
621 2066 652 2125 in
667 2075 804 2147 tempora
818 2087 909 2130 oense
1052 2067 1111 2130 130

148 2180 273 2242 alterius
288 2179 431 2240 conchem
447 2178 553 2239 aestivi
567 2198 635 2239 cum
651 2187 737 2257 parte
751 2178 857 2240 lacerti

143 2295 298 2376 ‘signatam
312 2294 362 2356 vel
377 2293 503 2353 dimidio
518 2293 659 2372 putrique
673 2293 776 2368 siluro,

147 2411 261 2489 filaque
274 2408 379 2469 sectivi
393 2415 553 2467 numerate
567 2405 721 2468 includere
735 2408 836 2487 porri:

148 2523 296 2585 invitatus
310 2520 349 2581 ad
363 2521 438 2582 haec
452 2518 563 2599 aliquis
577 2519 615 2580 de
628 2528 720 2598 ponte
734 2521 866 2601 negabit.

147 2637 200 2698 sed
214 2657 274 2716 quo
289 2635 411 2697 divitias
426 2635 501 2696 haec
515 2655 570 2713 per
584 2643 735 2695 tormenta
749 2643 878 2708 coactas,
1051 2638 1108 2698 135

148 2771 218 2812 cum
232 2749 318 2810 furor
332 2748 407 2808 haut
422 2748 541 2817 dubius,
556 2769 625 2808 cum
640 2748 679 2808 sit
693 2719 853 2810 manifesta
867 2748 1030 2831 phrenesis,

148 2872 183 2923 ut
196 2860 332 2940 locuples
346 2859 492 2932 moriaris,
508 2861 622 2939 egentis
636 2860 739 2923 vivere
753 2860 839 2921 fato?

149 2974 264 3034 interea
277 2971 367 3051 pleno
381 2991 450 3031 eum
464 2979 566 3049 turget
579 2971 715 3032 sacculus
730 2966 791 3045 ore‚'

150 3086 255 3146 crescit
269 3104 354 3146 amor
368 3084 495 3157 nummi,
509 3094 658 3163 quantum
673 3086 738 3165 ipsa
752 3086 882 3165 pecunia
896 3088 1001 3163 crevit,

150 3206 180 3257 et
193 3196 293 3256 minus
307 3195 387 3256 hanc
400 3204 486 3275 optat
500 3197 552 3275 qui
566 3217 627 3257 non
642 3196 741 3258 habet.
784 3219 854 3278 ergo
869 3209 996 3280 paratur
1050 3201 1109 3264 140

151 3310 247 3372 altere
260 3309 338 3372 villa
351 3309 417 3384 tibi,
432 3330 502 3370 cum
516 3331 567 3371 rus
581 3331 642 3372 non
656 3312 765 3372 sufficit
780 3333 885 3388 unum,

150 3432 181 3488 et
193 3423 329 3508 proferre
343 3422 417 3486 libet
431 3423 513 3498 fines,
528 3424 684 3508 majorque
697 3425 819 3488 videtur
