2536 3806
174 187 215 250 26
427 207 604 253 n.1vr11
634 207 880 253 rvvnrrnnrs

172 381 191 420 a
206 360 321 440 pluvia,
335 363 441 424 molles
455 363 508 423 ubi
523 363 654 423 reddunt
668 384 727 426 ova
741 363 907 424 columbae.

172 473 267 534 lectus
281 483 347 534 erat
361 475 460 536 Codro
474 475 606 535 Procula
620 476 727 550 minor,
742 476 856 536 urceoli
869 497 931 549 sex,

173 598 385 648 ornamentum
400 589 496 662 abaci,
511 609 641 649 necnon
655 598 685 649 et
699 589 846 668 parvulus
860 589 941 649 infra

173 697 335 761 cantharus
349 709 379 762 et
393 702 539 762 recubans
553 702 610 762 sub
625 702 728 762 eodem
743 723 893 763 marmore
907 701 1031 774 Chiron,
1074 701 1132 762 205

175 813 301 892 jamque
314 822 400 876 vetus
415 813 546 875 Graecos
559 814 700 877 servabat
715 815 789 875 cista
804 814 932 888 libellos,

173 933 202 984 et
216 925 321 986 divina
333 926 412 1005 opici
426 926 573 987 rodebant
587 927 722 987 carmina
736 947 845 987 mures.

172 1037 217 1096 nil
231 1037 339 1098 habuit
352 1038 477 1112 Codrus,
493 1040 559 1120 quis
574 1040 654 1100 enim
670 1041 782 1118 negat?
803 1047 950 1101 ettamen
964 1039 1043 1098 illud

173 1150 305 1228 perdidit
318 1150 427 1211 infelix
440 1161 538 1212 totum
552 1153 647 1225 nihil;
668 1151 795 1212 ultimus
809 1161 912 1212 autem

174 1263 1054 1343 aerumnaeestcumulus,quodnudumetfrustarogantsm
1074 1262 1134 1325 210

172 1397 260 1436 nemo
275 1376 350 1451 cibo,
364 1398 452 1439 nemo
467 1379 597 1457 hospitio
612 1387 749 1458 tectoque
759 1378 891 1456 juvabit.

172 1486 198 1545 si
211 1506 322 1565 magua
336 1486 472 1547 Asturici
487 1487 595 1547 cecidit
610 1488 725 1560 domus,
741 1488 865 1548 horrida
880 1496 985 1560 mater,

174 1598 285 1679 pullati
299 1620 443 1679 proceres,
458 1601 559 1661 differt
572 1601 748 1662 vadimonia
762 1610 882 1688 praetor

172 1722 246 1773 tunc
259 1714 406 1793 gemimus
420 1735 505 1775 casus
520 1714 612 1788 urbis,
627 1723 701 1774 tunc
715 1715 833 1775 odimus
848 1715 957 1793 ignem.

173 1825 259 1887 ardet
273 1826 381 1900 adhuc,
396 1827 500 1907 etjam
515 1828 647 1888 accurrit
661 1827 713 1906 qui
728 1847 880 1887 marmora
894 1827 993 1898 donet,
1074 1826 1135 1886 215

173 1939 308 2001 conferat
321 1940 487 2020 impensas:
508 1941 558 2001 hic
573 1942 656 2002 nuda
670 1950 700 2001 et
715 1940 847 2002 candida
861 1940 956 2020 sigua,

173 2057 223 2116 hio
237 2056 353 2136 aliquid
367 2057 558 2136 praeclarum
574 2041 785 2136 Euphranoris
800 2065 830 2116 et
845 2055 998 2135 Polycliti,

173 2169 433 2249 phaecasiatorum
448 2180 550 2233 vetera
565 2179 743 2231 ornamenta
758 2170 892 2242 deorum,

148 2275 150 2280 ’
173 2281 223 2342 hic
237 2281 330 2343 libros
344 2282 429 2344 dabit
443 2292 473 2345 et
487 2283 600 2344 forulos
614 2283 805 2362 mediamque
820 2281 1003 2355 Minervam,

174 2396 224 2456 hic
237 2396 372 2457 modium
387 2398 513 2477 argenti.
556 2397 682 2457 meliora
696 2417 731 2456 ac
746 2395 836 2475 plura
850 2395 968 2474 reponit
1072 2394 1134 2457 220

174 2509 320 2583 Persicus,
334 2510 476 2571 orborum
491 2510 683 2583 lautissimus,
699 2519 729 2571 et
743 2509 851 2570 merito
859 2510 926 2590 jam

174 2632 328 2702 suspectus
342 2633 498 2704 tamquam
513 2625 575 2704 ipse
590 2645 659 2684 suas
674 2623 840 2684 incenderit
854 2622 949 2682 aedes.

174 2738 199 2798 si
213 2718 297 2817 potes
310 2739 403 2800 avelli
417 2740 607 2814 circensibus,
623 2740 738 2819 optima
753 2737 845 2799 Sorae

174 2859 229 2910 aut
243 2850 439 2914 Fabrateriae
453 2853 558 2915 domus
573 2863 627 2914 aut
642 2852 811 2912 Frusinone
826 2858 961 2930 paratur,

175 2963 282 3044 quanti
295 2985 376 3026 nunc
390 2965 528 3026 tenebras
542 2987 637 3026 unum
653 2965 795 3026 conducis
809 2965 840 3023 in
855 2984 978 3024 annum.
1075 2964 1136 3023 225

175 3079 313 3140 hortulus
328 3080 378 3140 hic
392 3090 558 3160 puteusque
573 3081 672 3142 brevis
687 3101 742 3141 nec
757 3089 834 3140 reste
848 3079 1014 3142 movendus

175 3193 208 3252 in
221 3193 319 3254 tenuis
333 3193 453 3273 plantas
468 3195 551 3255 facili
566 3195 743 3256 defunditur
759 3195 880 3255 haustu.

175 3305 245 3368 vive
259 3305 389 3366 bidentis
403 3327 508 3368 amans
522 3315 552 3368 et
566 3307 641 3368 culti
655 3307 764 3369 vilicus
780 3306 869 3380 horti,

176 3417 256 3482 unde
270 3417 394 3500 epulum
409 3418 501 3498 possis
515 3429 636 3481 eentum
652 3419 724 3480 dare
739 3419 945 3499 Pythagoreis.
