2516 3806
480 213 653 261 SATVRA
682 215 780 264 XIV.

141 393 216 434 nam
230 370 364 452 quisquis
379 369 482 450 magni
499 390 603 430 census
617 371 772 451 praecepit
786 391 928 448 amorem,

141 495 173 546 et
187 485 274 545 laevo
288 483 404 544 monitu
419 503 526 562 pucros
541 482 682 561 producit
696 504 812 562 avaros,

142 597 189 672 [et
203 582 255 676 qui
268 615 323 674 per
336 593 457 654 fraudes
471 593 655 673 patrimonia
670 595 907 674 conduplicare]

140 711 196 770 dat
210 708 380 769 libertatem
395 715 425 767 et
439 715 518 768 totas
533 707 661 768 effundit
674 707 808 768 habenas

140 827 309 899 curriculo;
332 846 421 906 quem
436 825 462 886 si
476 845 604 899 revoces,
619 825 779 886 subsistere
793 826 887 887 nescit

139 953 171 1004 et
185 952 216 1003 te
230 949 400 1020 contempto
416 941 534 1018 rapitur
549 940 694 1020 metisque
708 939 828 1001 relictis.

138 1075 229 1116 nemo
242 1054 314 1115 satis
329 1053 424 1114 credit
438 1061 558 1114 tantum
572 1031 754 1132 delinquere,
770 1063 917 1133 quantum

137 1169 314 1249 permittas3
336 1166 411 1228 adeo
426 1166 586 1246 indulgent
600 1167 655 1226 sibi
672 1167 763 1228 latius
777 1167 842 1247 ipsi.

137 1305 209 1344 cum
224 1282 298 1343 dicis
314 1281 421 1361 juveni
436 1281 573 1353 stultum,
589 1281 640 1360 qui
655 1281 746 1342 donet
759 1282 865 1354 amico,

136 1399 191 1478 qui
206 1404 415 1478 paupertatem
430 1395 511 1457 levet
525 1395 705 1476 attollatque
719 1398 890 1477 propinqui,

135 1523 168 1575 et
182 1512 312 1593 spoliare
325 1512 413 1572 docos
429 1521 459 1572 et
473 1512 716 1574 circumscribere
730 1523 759 1574 et
773 1515 854 1574 omni

135 1626 263 1687 crimine
277 1625 400 1686 divitias
414 1625 582 1704 adquirere,
598 1646 725 1704 quarum
740 1648 824 1688 amor
838 1628 870 1686 in
884 1638 914 1689 te

134 1745 268 1816 quantus
282 1744 347 1796 erat
361 1717 477 1814 patriae
493 1735 654 1796 Deciorum
671 1736 703 1795 in
717 1747 845 1816 pectore,
860 1749 1006 1817 quantum

133 1849 246 1909 dilexit
261 1847 389 1918 Thebas,
404 1847 429 1906 si
443 1844 573 1906 Graecia
587 1867 668 1919 vcra,
684 1846 878 1920 Menoeceus;
1035 1853 1093 1915 240

54 1979 64 1990 ·
133 1963 310 2042 inquorum
326 1960 416 2020 sulcis
431 1959 562 2038 legiones
578 1959 718 2020 dentibus
732 1962 839 2040 anguis
992 1939 995 1946 Ι

133 2095 203 2136 curn
219 2073 323 2153 clipeis
338 2081 504 2132 nascuntur
518 2081 547 2132 et
562 2071 685 2132 horrida
701 2073 781 2134 bella
795 2087 953 2154 capessunt

130 2181 288 2264 continuo,
299 2198 454 2268 tamquam
470 2196 500 2248 et
513 2187 635 2248 tubicen
649 2191 813 2251 surrexerit
828 2213 897 2254 una.

132 2326 204 2385 ergo
218 2305 328 2384 ignem,
344 2304 428 2382 cujus
443 2302 590 2362 scintillas
604 2303 668 2382 ipse
682 2304 800 2377 dedisti,

132 2419 312 2499 flagrantem
327 2415 389 2476 late
403 2425 432 2476 et
447 2415 613 2495 rapientem
629 2427 738 2478 cuncta
753 2418 886 2494 videbis;
1033 2424 1092 2484 245

131 2553 186 2594 nec
201 2529 259 2591 tibi
272 2537 414 2608 parcetur
427 2533 543 2600 misero,
559 2529 771 2609 trepidumque
788 2533 964 2611 magistrum

131 2645 162 2706 in
178 2661 272 2704 cavea
285 2659 395 2718 magno
410 2637 534 2699 fremitu
550 2638 596 2698 leo
612 2639 698 2700 tollet
714 2641 864 2703 alumnus.

131 2764 204 2816 nota
218 2751 439 2812 mathematicis
453 2751 567 2831 genesis
582 2761 653 2824 tua;
674 2752 726 2813 sed
740 2775 834 2833 grave
848 2755 950 2817 tardas

132 2874 307 2948 exspectare
321 2864 421 2925 colus:
442 2866 576 2925 morieris
593 2838 721 2926 stamine
735 2867 870 2927 nondum

131 2982 269 3060 abrupto.
306 2978 372 3058 jam
386 2997 467 3038 nunc
482 2978 581 3039 obstas
595 2988 626 3039 et
639 2988 712 3039 vota
726 2981 860 3053 moraris,
1033 2983 1091 3045 250

135 3096 199 3174 jam
215 3098 336 3170 torquet
352 3090 497 3169 juvenem
512 3089 604 3168 longa
619 3099 648 3150 et
662 3091 785 3152 cervina
798 3101 942 3155 senectus.

131 3207 212 3267 ocius
226 3202 422 3282 Archigenen
433 3223 543 3282 quaere
557 3211 648 3281 atque
659 3223 724 3264 eme
736 3204 815 3282 quod
827 3204 1021 3268 Mithridates

130 3319 307 3399 composuit,
322 3317 348 3377 si
361 3317 407 3378 vis
421 3317 514 3377 aliam
530 3316 687 3394 decerpere
702 3316 792 3377 ficum

131 3442 221 3514 atque
229 3431 305 3493 alias
316 3438 446 3491 tractare
456 3451 545 3490 rosas.
588 3428 775 3490 medicamen
786 3429 960 3491 habendum
968 3440 1022 3505 est,

238 3541 367 3596 7—Juv.
602 3539 618 3592 I
