2536 3806
167 209 209 272 46
414 224 593 272 n.1vrr11
621 224 870 272 rvvnrrnnrs

166 379 232 461 quis
246 380 332 441 dabit
345 379 495 453 historico,
510 389 658 460 qnantum
672 380 759 441 daret
772 390 841 442 acta
855 382 989 462 legenti?

206 491 281 552 ‘Sed
294 512 388 572 genus
402 491 556 570 ignavum,
567 492 648 570 quod
663 492 740 553 lecto
753 493 866 572 gaudet
876 502 907 556 et
916 494 1044 558 umbra!
1068 498 1131 559 105

165 607 214 668 dic
228 607 331 686 igitur,
346 606 419 686 quid
434 605 592 666 causidicis
607 605 711 667 civilia
724 615 877 684 praestent

165 719 263 781 officia
277 728 307 780 et
320 738 430 798 magno
445 717 567 778 comites
586 717 619 777 in
633 718 712 779 fasce
727 717 845 779 libelli?

166 831 223 910 ipsi
237 851 348 910 magna
361 839 478 902 sonant,
493 830 544 890 sed
559 838 625 889 tum
639 850 708 890 cum
723 830 854 890 creditor
868 831 954 893 audit

165 944 335 1024 praecipue,
349 943 397 1005 vel
412 943 437 1003 si
451 943 551 1022 tetigit
565 942 645 1003 latus
659 942 758 1003 acrior
771 943 835 1016 illo,
869 1001 872 1008 .

166 1054 218 1134 qui
233 1053 316 1115 veuit
330 1053 369 1114 ad
383 1053 511 1113 dubium
524 1053 634 1132 grandi
649 1073 717 1112 cum
733 1053 835 1114 codice
849 1074 966 1117 nomen.
1065 1059 1128 1120 110

164 1176 238 1228 tunc
251 1168 398 1228 immensa
411 1167 479 1228 cavi
492 1166 610 1246 spirant
623 1166 781 1227 mendacia
796 1167 883 1228 folles
967 1154 970 1160 ¹

164 1281 398 1360 conspuiturque
412 1280 511 1340 sinus:
532 1299 636 1341 veram
650 1259 853 1360 depraendere
868 1302 992 1344 messem

164 1396 189 1456 si
203 1395 285 1468 libet,
299 1395 371 1456 hinc
385 1403 505 1455 centum
520 1394 703 1473 patrimonia
718 1395 946 1469 causidicorum,

162 1517 250 1588 parts
263 1508 325 1569 alia
338 1506 436 1569 solum
450 1507 558 1566 russati
574 1527 651 1585 poue
664 1507 826 1570 Lacernae.

163 1615 322 1683 consedere
336 1620 434 1693 duces,
449 1620 546 1698 surgis
560 1629 593 1680 tu
608 1620 741 1700 pallidus
756 1621 849 1702 Ajax,
1064 1625 1127 1687 115

162 1735 297 1797 dicturus
311 1732 406 1793 dubia
419 1751 474 1811 pro
489 1730 638 1805 libertate,
652 1731 785 1794 bubulco

165 1847 276 1929 judice.
318 1866 425 1925 rumpe
438 1844 529 1905 miser
542 1854 660 1906 tensum
670 1845 765 1924 jecur,
781 1855 815 1907 ut
829 1848 885 1908 tibi
900 1849 977 1910 lasso

161 1961 295 2041 figantur
307 1959 428 2032 virides,
442 1957 593 2018 scalarum
607 1957 713 2037 gloria,
727 1959 855 2038 palmae.

161 2074 242 2155 quod
256 2073 337 2136 vocis
351 2072 503 2152 pretium?
523 2071 618 2132 siccus
632 2073 847 2150 petasunculus
862 2085 891 2136 et
905 2097 959 2138 vas

161 2186 366 2267 pelamydum,
377 2194 431 2245 aut
444 2192 567 2256 veteres,
578 2183 758 2245 Maurorum
772 2188 929 2266 epimenia,
941 2189 1036 2264 bulbi,
1059 2191 1122 2254 120

161 2303 334 2366 sutrinum
349 2301 451 2362 Tiberi
466 2301 634 2374 devectum,
649 2301 781 2382 quinque
795 2302 930 2384 lagonae.

160 2419 186 2480 si
200 2426 307 2498 qnater
320 2415 415 2495 egisti,
430 2415 454 2476 si
470 2414 596 2493 contigit
609 2435 718 2475 aureus
733 2437 820 2490 unus,

161 2533 231 2592 inde
245 2531 358 2592 cadunt
371 2537 471 2608 partes
486 2548 524 2588 ex
539 2527 657 2588 foedere
671 2530 936 2609 pragmaticorum.

161 2643 295 2705 Aemilio
310 2642 433 2703 dabitur
447 2650 596 2720 quantum
611 2640 690 2714 licet,
705 2652 735 2703 et
749 2644 856 2705 melius
871 2666 925 2708 nos

161 2759 292 2838 egimus;
313 2755 403 2836 hujus
417 2754 496 2814 euim
511 2761 571 2814 stat
585 2774 691 2815 currus
705 2775 823 2830 aeneus,
838 2757 893 2819 alti
1059 2762 1119 2822 125

160 2868 353 2950 quadrijuges
367 2867 399 2926 in
414 2864 580 2938 vestibulis,
595 2873 686 2944 atque
700 2865 763 2946 ipse
777 2867 868 2929 feroci

161 2983 306 3045 bellatore
319 2979 422 3042 sedens
437 2987 598 3040 curvatum
611 2979 721 3040 hastile
734 2979 869 3042 minatur

161 3098 285 3170 eminus,
300 3103 330 3155 et
342 3103 444 3156 statua
457 3092 622 3154 meditatur
636 3094 751 3173 proelia
765 3094 857 3156 lusca.

160 3211 202 3271 sic
216 3208 298 3270 Pedo
312 3206 482 3278 conturbat,
497 3205 605 3267 Matho
619 3205 737 3279 deficit;
758 3208 856 3269 exitus
870 3208 920 3269 hic
933 3218 978 3272 est

160 3320 301 3400 Tongilii,
316 3338 426 3396 magno
441 3337 510 3378 cum
525 3317 712 3379 rhinocerote
726 3318 823 3380 lavari
1059 3325 1118 3388 130

160 3435 213 3516 qui
226 3432 310 3505 solet,
324 3441 354 3492 et
367 3438 461 3492 vexat
475 3429 627 3491 lutulenta
640 3430 750 3493 balnea
764 3432 862 3505 turba,
