<?xml version="1.0" encoding="UTF-8"?>
<!DOCTYPE html PUBLIC "-//W3C//DTD XHTML 1.0 Transitional//EN"
    "http://www.w3.org/TR/xhtml1/DTD/xhtml1-transitional.dtd">
<html xmlns="http://www.w3.org/1999/xhtml" xml:lang="en" lang="en">
 <head>
  <title>
</title>
<meta http-equiv="Content-Type" content="text/html;charset=utf-8" />
  <meta name='ocr-system' content='tesseract 3.04.00' />
  <meta name='ocr-capabilities' content='ocr_page ocr_carea ocr_par ocr_line ocrx_word'/>
</head>
<body>
  <div class='ocr_page' id='page_1' title='image "./selectionsfroms01persgoog/selectionsfroms01persgoog_0074.png"; bbox 0 0 2536 3806; ppageno 0'>
   <div class='ocr_carea' id='block_1_1' title="bbox 507 282 752 333">
    <p class='ocr_par' dir='ltr' id='par_1_1' title="bbox 507 282 752 333">
     <span class='ocr_line' id='line_1_1' title="bbox 507 282 752 333; baseline 0.012 -3"><span class='ocrx_word' id='word_1_1' title='bbox 507 282 680 332; x_wconf 80' lang='lat' dir='ltr'>SATVRA</span> <span class='ocrx_word' id='word_1_2' title='bbox 708 285 752 333; x_wconf 83' lang='lat' dir='ltr'><strong>X.</strong></span> 
     </span>
    </p>
   </div>
   <div class='ocr_carea' id='block_1_2' title="bbox 148 437 760 518">
    <p class='ocr_par' dir='ltr' id='par_1_2' title="bbox 148 437 760 518">
     <span class='ocr_line' id='line_1_2' title="bbox 148 437 760 518; baseline 0.005 -18"><span class='ocrx_word' id='word_1_3' title='bbox 148 447 184 500; x_wconf 90' lang='lat' dir='ltr'><strong>ut</strong></span> <span class='ocrx_word' id='word_1_4' title='bbox 198 438 300 518; x_wconf 84' lang='lat' dir='ltr'><strong>pueris</strong></span> <span class='ocrx_word' id='word_1_5' title='bbox 315 437 435 518; x_wconf 77' lang='lat' dir='ltr'>placeas</span> <span class='ocrx_word' id='word_1_6' title='bbox 450 447 480 500; x_wconf 91' lang='lat' dir='ltr'><strong>et</strong></span> <span class='ocrx_word' id='word_1_7' title='bbox 494 439 675 501; x_wconf 84' lang='lat' dir='ltr'><strong>declamatio</strong></span> <span class='ocrx_word' id='word_1_8' title='bbox 689 440 760 502; x_wconf 85' lang='lat' dir='ltr'><strong>fiasl</strong></span> 
     </span>
    </p>
   </div>
   <div class='ocr_carea' id='block_1_3' title="bbox 147 554 789 636">
    <p class='ocr_par' dir='ltr' id='par_1_3' title="bbox 147 554 789 636">
     <span class='ocr_line' id='line_1_3' title="bbox 147 554 789 636; baseline 0.003 -20"><span class='ocrx_word' id='word_1_9' title='bbox 147 575 228 616; x_wconf 91' lang='lat' dir='ltr'><strong>unus</strong></span> <span class='ocrx_word' id='word_1_10' title='bbox 241 554 364 616; x_wconf 87' lang='lat' dir='ltr'><strong>Pellaeo</strong></span> <span class='ocrx_word' id='word_1_11' title='bbox 380 555 488 636; x_wconf 90' lang='lat' dir='ltr'><strong>juveni</strong></span> <span class='ocrx_word' id='word_1_12' title='bbox 502 576 563 616; x_wconf 92' lang='lat' dir='ltr'><strong>non</strong></span> <span class='ocrx_word' id='word_1_13' title='bbox 576 556 686 617; x_wconf 88' lang='lat' dir='ltr'><strong>sufficit</strong></span> <span class='ocrx_word' id='word_1_14' title='bbox 700 556 789 631; x_wconf 80' lang='grc'><strong>011110,</strong></span> 
     </span>
    </p>
   </div>
   <div class='ocr_carea' id='block_1_4' title="bbox 76 668 1108 3586">
    <p class='ocr_par' dir='ltr' id='par_1_4' title="bbox 140 668 1108 2790">
     <span class='ocr_line' id='line_1_4' title="bbox 146 668 772 749; baseline 0 -19"><span class='ocrx_word' id='word_1_15' title='bbox 146 679 266 731; x_wconf 80' lang='lat' dir='ltr'><strong>aestuat</strong></span> <span class='ocrx_word' id='word_1_16' title='bbox 280 669 388 730; x_wconf 81' lang='lat' dir='ltr'><strong>infelix</strong></span> <span class='ocrx_word' id='word_1_17' title='bbox 403 678 531 749; x_wconf 85' lang='lat' dir='ltr'><strong>angusto</strong></span> <span class='ocrx_word' id='word_1_18' title='bbox 546 668 643 730; x_wconf 88' lang='lat' dir='ltr'><strong>limite</strong></span> <span class='ocrx_word' id='word_1_19' title='bbox 656 671 772 745; x_wconf 88' lang='lat' dir='ltr'><strong>mundi,</strong></span> 
     </span>
     <span class='ocr_line' id='line_1_5' title="bbox 146 782 1108 864; baseline 0.006 -20"><span class='ocrx_word' id='word_1_20' title='bbox 146 792 182 844; x_wconf 89' lang='lat' dir='ltr'><strong>ut</strong></span> <span class='ocrx_word' id='word_1_21' title='bbox 197 782 295 864; x_wconf 85' lang='lat' dir='ltr'><strong>Gyari</strong></span> <span class='ocrx_word' id='word_1_22' title='bbox 309 782 429 844; x_wconf 87' lang='lat' dir='ltr'><strong>clausus</strong></span> <span class='ocrx_word' id='word_1_23' title='bbox 444 782 575 863; x_wconf 87' lang='lat' dir='ltr'><strong>scopulis</strong></span> <span class='ocrx_word' id='word_1_24' title='bbox 589 802 746 863; x_wconf 86' lang='lat' dir='ltr'><strong>parvaque</strong></span> <span class='ocrx_word' id='word_1_25' title='bbox 760 783 905 864; x_wconf 84' lang='lat' dir='ltr'><strong>Seripho;</strong></span> <span class='ocrx_word' id='word_1_26' title='bbox 1050 788 1108 852; x_wconf 81' lang='lat'><strong>1⁷0</strong></span> 
     </span>
     <span class='ocr_line' id='line_1_6' title="bbox 145 889 953 971; baseline 0.004 -19"><span class='ocrx_word' id='word_1_27' title='bbox 145 911 217 952; x_wconf 88' lang='lat' dir='ltr'><strong>eum</strong></span> <span class='ocrx_word' id='word_1_28' title='bbox 232 901 334 952; x_wconf 87' lang='lat' dir='ltr'><strong>tamen</strong></span> <span class='ocrx_word' id='word_1_29' title='bbox 348 911 367 952; x_wconf 97' lang='grc'><strong>0</strong></span> <span class='ocrx_word' id='word_1_30' title='bbox 381 891 482 971; x_wconf 89' lang='lat' dir='ltr'><strong>figulis</strong></span> <span class='ocrx_word' id='word_1_31' title='bbox 497 889 647 951; x_wconf 88' lang='lat' dir='ltr'><strong>munitam</strong></span> <span class='ocrx_word' id='word_1_32' title='bbox 662 891 824 954; x_wconf 83' lang='lat' dir='ltr'><strong>intraverit</strong></span> <span class='ocrx_word' id='word_1_33' title='bbox 837 893 953 969; x_wconf 87' lang='lat' dir='ltr'><strong>urbem,</strong></span> 
     </span>
     <span class='ocr_line' id='line_1_7' title="bbox 144 999 927 1080; baseline 0.001 -19"><span class='ocrx_word' id='word_1_34' title='bbox 144 1001 333 1080; x_wconf 86' lang='lat' dir='ltr'><strong>sarcophago</strong></span> <span class='ocrx_word' id='word_1_35' title='bbox 349 1009 507 1063; x_wconf 82' lang='lat' dir='ltr'><strong>contentus</strong></span> <span class='ocrx_word' id='word_1_36' title='bbox 523 999 588 1062; x_wconf 81' lang='lat' dir='ltr'><strong>erit.</strong></span> <span class='ocrx_word' id='word_1_37' title='bbox 631 1021 711 1061; x_wconf 83' lang='lat' dir='ltr'><strong>mors</strong></span> <span class='ocrx_word' id='word_1_38' title='bbox 725 1000 790 1062; x_wconf 84' lang='lat' dir='ltr'><strong>sola</strong></span> <span class='ocrx_word' id='word_1_39' title='bbox 804 1001 927 1077; x_wconf 85' lang='lat' dir='ltr'><strong>fatetur,</strong></span> 
     </span>
     <span class='ocr_line' id='line_1_8' title="bbox 144 1115 1012 1197; baseline 0 -19"><span class='ocrx_word' id='word_1_40' title='bbox 144 1117 298 1197; x_wconf 89' lang='lat' dir='ltr'><strong>quantula</strong></span> <span class='ocrx_word' id='word_1_41' title='bbox 311 1117 372 1179; x_wconf 90' lang='lat' dir='ltr'><strong>sint</strong></span> <span class='ocrx_word' id='word_1_42' title='bbox 386 1117 545 1178; x_wconf 91' lang='lat' dir='ltr'><strong>hominum</strong></span> <span class='ocrx_word' id='word_1_43' title='bbox 561 1115 749 1195; x_wconf 87' lang='lat' dir='ltr'><strong>corpuscula.</strong></span> <span class='ocrx_word' id='word_1_44' title='bbox 777 1115 926 1178; x_wconf 69' lang='lat' dir='ltr'><strong>creditur</strong></span> <span class='ocrx_word' id='word_1_45' title='bbox 938 1116 1012 1179; x_wconf 91' lang='lat' dir='ltr'><strong>olim</strong></span> 
     </span>
     <span class='ocr_line' id='line_1_9' title="bbox 144 1227 931 1310; baseline -0.004 -17"><span class='ocrx_word' id='word_1_46' title='bbox 144 1230 316 1293; x_wconf 86' lang='lat' dir='ltr'><strong>velificatus</strong></span> <span class='ocrx_word' id='word_1_47' title='bbox 330 1230 431 1292; x_wconf 83' lang='lat' dir='ltr'><strong>Athos</strong></span> <span class='ocrx_word' id='word_1_48' title='bbox 444 1239 475 1290; x_wconf 89' lang='lat' dir='ltr'><strong>et</strong></span> <span class='ocrx_word' id='word_1_49' title='bbox 488 1229 636 1310; x_wconf 89' lang='lat' dir='ltr'><strong>quidquid</strong></span> <span class='ocrx_word' id='word_1_50' title='bbox 654 1227 785 1290; x_wconf 84' lang='lat' dir='ltr'><strong>Graecia</strong></span> <span class='ocrx_word' id='word_1_51' title='bbox 798 1229 931 1290; x_wconf 88' lang='lat' dir='ltr'><strong>mendax</strong></span> 
     </span>
     <span class='ocr_line' id='line_1_10' title="bbox 144 1342 1104 1417; baseline 0.003 -12"><span class='ocrx_word' id='word_1_52' title='bbox 144 1345 240 1406; x_wconf 86' lang='lat' dir='ltr'><strong>audet</strong></span> <span class='ocrx_word' id='word_1_53' title='bbox 254 1344 285 1404; x_wconf 90' lang='lat' dir='ltr'><strong>in</strong></span> <span class='ocrx_word' id='word_1_54' title='bbox 300 1343 436 1417; x_wconf 85' lang='lat' dir='ltr'><strong>historia,</strong></span> <span class='ocrx_word' id='word_1_55' title='bbox 452 1352 638 1405; x_wconf 90' lang='lat' dir='ltr'><strong>constratum</strong></span> <span class='ocrx_word' id='word_1_56' title='bbox 652 1342 797 1404; x_wconf 87' lang='lat' dir='ltr'><strong>classibus</strong></span> <span class='ocrx_word' id='word_1_57' title='bbox 811 1342 906 1403; x_wconf 81' lang='lat' dir='ltr'><strong>isdem</strong></span> <span class='ocrx_word' id='word_1_58' title='bbox 1046 1344 1104 1408; x_wconf 78' lang='lat'><strong>175</strong></span> 
     </span>
     <span class='ocr_line' id='line_1_11' title="bbox 143 1457 990 1538; baseline 0.004 -19"><span class='ocrx_word' id='word_1_59' title='bbox 143 1458 396 1538; x_wconf 84' lang='lat' dir='ltr'><strong>suppositumque</strong></span> <span class='ocrx_word' id='word_1_60' title='bbox 409 1458 483 1519; x_wconf 90' lang='lat' dir='ltr'><strong>rotis</strong></span> <span class='ocrx_word' id='word_1_61' title='bbox 497 1457 629 1519; x_wconf 88' lang='lat' dir='ltr'><strong>solidum</strong></span> <span class='ocrx_word' id='word_1_62' title='bbox 643 1477 727 1519; x_wconf 89' lang='lat' dir='ltr'><strong>mare</strong></span> <span class='ocrx_word' id='word_1_63' title='bbox 740 1457 899 1534; x_wconf 86' lang='lat' dir='ltr'><strong>credimus,</strong></span> <span class='ocrx_word' id='word_1_64' title='bbox 912 1459 990 1522; x_wconf 86' lang='grc'><strong>01100</strong></span> 
     </span>
     <span class='ocr_line' id='line_1_12' title="bbox 143 1572 815 1655; baseline 0 -21"><span class='ocrx_word' id='word_1_65' title='bbox 143 1574 287 1636; x_wconf 84' lang='lat' dir='ltr'><strong>defecisse</strong></span> <span class='ocrx_word' id='word_1_66' title='bbox 302 1594 405 1635; x_wconf 90' lang='lat' dir='ltr'><strong>amnes</strong></span> <span class='ocrx_word' id='word_1_67' title='bbox 419 1583 567 1655; x_wconf 86' lang='lat' dir='ltr'><strong>epotaque</strong></span> <span class='ocrx_word' id='word_1_68' title='bbox 581 1573 709 1634; x_wconf 88' lang='lat' dir='ltr'><strong>flumina</strong></span> <span class='ocrx_word' id='word_1_69' title='bbox 722 1572 815 1634; x_wconf 90' lang='lat' dir='ltr'><strong>Medo</strong></span> 
     </span>
     <span class='ocr_line' id='line_1_13' title="bbox 142 1683 969 1767; baseline 0.001 -20"><span class='ocrx_word' id='word_1_70' title='bbox 142 1686 323 1767; x_wconf 87' lang='lat' dir='ltr'><strong>prandente,</strong></span> <span class='ocrx_word' id='word_1_71' title='bbox 338 1695 368 1748; x_wconf 90' lang='lat' dir='ltr'><strong>et</strong></span> <span class='ocrx_word' id='word_1_72' title='bbox 381 1687 512 1748; x_wconf 85' lang='lat' dir='ltr'><strong>madidis</strong></span> <span class='ocrx_word' id='word_1_73' title='bbox 527 1695 632 1748; x_wconf 88' lang='lat' dir='ltr'><strong>cantat</strong></span> <span class='ocrx_word' id='word_1_74' title='bbox 645 1707 723 1767; x_wconf 86' lang='lat' dir='ltr'><strong>quae</strong></span> <span class='ocrx_word' id='word_1_75' title='bbox 737 1685 890 1748; x_wconf 79' lang='lat' dir='ltr'><strong>Sostratus</strong></span> <span class='ocrx_word' id='word_1_76' title='bbox 903 1683 969 1748; x_wconf 85' lang='lat' dir='ltr'><strong>alis.</strong></span> 
     </span>
     <span class='ocr_line' id='line_1_14' title="bbox 143 1799 828 1880; baseline 0.004 -22"><span class='ocrx_word' id='word_1_77' title='bbox 143 1799 198 1860; x_wconf 91' lang='lat' dir='ltr'><strong>ille</strong></span> <span class='ocrx_word' id='word_1_78' title='bbox 212 1808 313 1860; x_wconf 87' lang='lat' dir='ltr'><strong>tamen</strong></span> <span class='ocrx_word' id='word_1_79' title='bbox 328 1799 427 1880; x_wconf 88' lang='lat' dir='ltr'><strong>qualis</strong></span> <span class='ocrx_word' id='word_1_80' title='bbox 441 1799 532 1861; x_wconf 91' lang='lat' dir='ltr'><strong>rediit</strong></span> <span class='ocrx_word' id='word_1_81' title='bbox 545 1799 700 1862; x_wconf 83' lang='lat' dir='ltr'><strong>Salamine</strong></span> <span class='ocrx_word' id='word_1_82' title='bbox 713 1800 828 1874; x_wconf 87' lang='lat' dir='ltr'><strong>relicta,</strong></span> 
     </span>
     <span class='ocr_line' id='line_1_15' title="bbox 143 1911 1103 1993; baseline 0.003 -21"><span class='ocrx_word' id='word_1_83' title='bbox 143 1913 176 1972; x_wconf 93' lang='lat' dir='ltr'><strong>in</strong></span> <span class='ocrx_word' id='word_1_84' title='bbox 192 1911 305 1973; x_wconf 83' lang='lat' dir='ltr'><strong>Corum</strong></span> <span class='ocrx_word' id='word_1_85' title='bbox 320 1917 413 1992; x_wconf 87' lang='lat' dir='ltr'><strong>atque</strong></span> <span class='ocrx_word' id='word_1_86' title='bbox 426 1911 545 1972; x_wconf 87' lang='lat' dir='ltr'><strong>Eurum</strong></span> <span class='ocrx_word' id='word_1_87' title='bbox 560 1912 665 1974; x_wconf 87' lang='lat' dir='ltr'><strong>solitus</strong></span> <span class='ocrx_word' id='word_1_88' title='bbox 679 1915 794 1976; x_wconf 88' lang='lat' dir='ltr'><strong>saevire</strong></span> <span class='ocrx_word' id='word_1_89' title='bbox 809 1912 939 1993; x_wconf 84' lang='lat' dir='ltr'><strong>flagellis</strong></span> <span class='ocrx_word' id='word_1_90' title='bbox 1044 1911 1103 1975; x_wconf 90' lang='grc'><strong>180</strong></span> 
     </span>
     <span class='ocr_line' id='line_1_16' title="bbox 143 2023 981 2106; baseline 0.002 -20"><span class='ocrx_word' id='word_1_91' title='bbox 143 2024 301 2099; x_wconf 85' lang='lat' dir='ltr'><strong>barbarus,</strong></span> <span class='ocrx_word' id='word_1_92' title='bbox 316 2023 431 2085; x_wconf 84' lang='lat' dir='ltr'><strong>Aeolio·</strong></span> <span class='ocrx_word' id='word_1_93' title='bbox 440 2045 606 2105; x_wconf 89' lang='lat' dir='ltr'><strong>numquam</strong></span> <span class='ocrx_word' id='word_1_94' title='bbox 620 2025 678 2088; x_wconf 93' lang='lat' dir='ltr'><strong>hoc</strong></span> <span class='ocrx_word' id='word_1_95' title='bbox 692 2027 725 2087; x_wconf 90' lang='lat' dir='ltr'><strong>in</strong></span> <span class='ocrx_word' id='word_1_96' title='bbox 738 2047 857 2090; x_wconf 89' lang='lat' dir='ltr'><strong>carcere</strong></span> <span class='ocrx_word' id='word_1_97' title='bbox 870 2046 981 2106; x_wconf 83' lang='lat' dir='ltr'><strong>passos,</strong></span> 
     </span>
     <span class='ocr_line' id='line_1_17' title="bbox 142 2138 948 2222; baseline 0.01 -24"><span class='ocrx_word' id='word_1_98' title='bbox 142 2142 244 2218; x_wconf 91' lang='lat' dir='ltr'><strong>ipsum</strong></span> <span class='ocrx_word' id='word_1_99' title='bbox 258 2138 452 2218; x_wconf 86' lang='lat' dir='ltr'><strong>compedibus</strong></span> <span class='ocrx_word' id='word_1_100' title='bbox 466 2139 519 2219; x_wconf 92' lang='lat' dir='ltr'><strong>qui</strong></span> <span class='ocrx_word' id='word_1_101' title='bbox 533 2139 676 2201; x_wconf 85' lang='lat' dir='ltr'><strong>vinxerat</strong></span> <span class='ocrx_word' id='word_1_102' title='bbox 689 2140 948 2222; x_wconf 85' lang='lat' dir='ltr'><strong>Ennosigaeum-</strong></span> 
     </span>
     <span class='ocr_line' id='line_1_18' title="bbox 142 2251 899 2338; baseline 0.011 -26"><span class='ocrx_word' id='word_1_103' title='bbox 142 2253 247 2313; x_wconf 86' lang='lat' dir='ltr'><strong>mitius</strong></span> <span class='ocrx_word' id='word_1_104' title='bbox 261 2251 293 2312; x_wconf 92' lang='lat' dir='ltr'><strong>id</strong></span> <span class='ocrx_word' id='word_1_105' title='bbox 307 2272 387 2326; x_wconf 89' lang='grc'><strong>0000,</strong></span> <span class='ocrx_word' id='word_1_106' title='bbox 402 2253 484 2332; x_wconf 92' lang='lat' dir='ltr'><strong>quod</strong></span> <span class='ocrx_word' id='word_1_107' title='bbox 497 2273 559 2313; x_wconf 94' lang='lat' dir='ltr'><strong>non</strong></span> <span class='ocrx_word' id='word_1_108' title='bbox 572 2261 603 2315; x_wconf 88' lang='lat' dir='ltr'><strong>et</strong></span> <span class='ocrx_word' id='word_1_109' title='bbox 616 2254 757 2334; x_wconf 85' lang='lat' dir='ltr'><strong>stigmate</strong></span> <span class='ocrx_word' id='word_1_110' title='bbox 772 2257 899 2338; x_wconf 87' lang='lat' dir='ltr'><strong>dignum</strong></span> 
     </span>
     <span class='ocr_line' id='line_1_19' title="bbox 143 2364 1014 2446; baseline 0.01 -20"><span class='ocrx_word' id='word_1_111' title='bbox 143 2364 280 2426; x_wconf 86' lang='lat' dir='ltr'><strong>eredidit.</strong></span> <span class='ocrx_word' id='word_1_112' title='bbox 323 2364 396 2426; x_wconf 87' lang='lat' dir='ltr'><strong>huie</strong></span> <span class='ocrx_word' id='word_1_113' title='bbox 410 2365 570 2446; x_wconf 85' lang='lat' dir='ltr'><strong>quisquam</strong></span> <span class='ocrx_word' id='word_1_114' title='bbox 585 2365 678 2427; x_wconf 91' lang='lat' dir='ltr'><strong>vellet</strong></span> <span class='ocrx_word' id='word_1_115' title='bbox 692 2368 805 2430; x_wconf 88' lang='lat' dir='ltr'><strong>servire</strong></span> <span class='ocrx_word' id='word_1_116' title='bbox 821 2371 947 2434; x_wconf 89' lang='lat' dir='ltr'><strong>deorum</strong></span> <span class='ocrx_word' id='word_1_117' title='bbox 956 2373 964 2434; x_wconf 92' lang='lat' dir='ltr'><strong>l</strong></span> <span class='ocrx_word' id='word_1_118' title='bbox 973 2404 1014 2416; x_wconf 91' lang='lat'>-</span> 
     </span>
     <span class='ocr_line' id='line_1_20' title="bbox 142 2477 1101 2557; baseline 0.009 -19"><span class='ocrx_word' id='word_1_119' title='bbox 142 2477 195 2538; x_wconf 86' lang='lat' dir='ltr'><strong>aed</strong></span> <span class='ocrx_word' id='word_1_120' title='bbox 209 2477 308 2557; x_wconf 86' lang='lat' dir='ltr'><strong>qualis</strong></span> <span class='ocrx_word' id='word_1_121' title='bbox 323 2477 434 2538; x_wconf 82' lang='lat' dir='ltr'><strong>rediit?</strong></span> <span class='ocrx_word' id='word_1_122' title='bbox 454 2497 562 2557; x_wconf 86' lang='lat' dir='ltr'><strong>nempe</strong></span> <span class='ocrx_word' id='word_1_123' title='bbox 576 2497 638 2540; x_wconf 89' lang='lat' dir='ltr'><strong>una</strong></span> <span class='ocrx_word' id='word_1_124' title='bbox 651 2499 739 2555; x_wconf 91' lang='lat' dir='ltr'><strong>nave,</strong></span> <span class='ocrx_word' id='word_1_125' title='bbox 755 2483 887 2545; x_wconf 88' lang='lat' dir='ltr'><strong>cruentis</strong></span> <span class='ocrx_word' id='word_1_126' title='bbox 1042 2485 1101 2548; x_wconf 88' lang='lat'><strong>185</strong></span> 
     </span>
     <span class='ocr_line' id='line_1_21' title="bbox 141 2593 899 2680; baseline 0.009 -25"><span class='ocrx_word' id='word_1_127' title='bbox 141 2594 294 2668; x_wconf 73' lang='lat' dir='ltr'><strong>fluctibus,</strong></span> <span class='ocrx_word' id='word_1_128' title='bbox 308 2614 344 2654; x_wconf 88' lang='lat' dir='ltr'><strong>ao</strong></span> <span class='ocrx_word' id='word_1_129' title='bbox 358 2593 448 2654; x_wconf 86' lang='lat' dir='ltr'><strong>tarda</strong></span> <span class='ocrx_word' id='word_1_130' title='bbox 461 2615 516 2673; x_wconf 90' lang='lat' dir='ltr'><strong>per</strong></span> <span class='ocrx_word' id='word_1_131' title='bbox 529 2593 622 2656; x_wconf 87' lang='lat' dir='ltr'><strong>densa</strong></span> <span class='ocrx_word' id='word_1_132' title='bbox 636 2596 786 2660; x_wconf 81' lang='lat' dir='ltr'><strong>cadavera</strong></span> <span class='ocrx_word' id='word_1_133' title='bbox 801 2621 899 2680; x_wconf 81' lang='lat' dir='ltr'><strong>prora</strong></span> 
     </span>
     <span class='ocr_line' id='line_1_22' title="bbox 140 2707 808 2790; baseline 0.007 -21"><span class='ocrx_word' id='word_1_134' title='bbox 140 2708 196 2770; x_wconf 88' lang='lat' dir='ltr'><strong>has</strong></span> <span class='ocrx_word' id='word_1_135' title='bbox 209 2707 320 2768; x_wconf 90' lang='lat' dir='ltr'><strong>totiens</strong></span> <span class='ocrx_word' id='word_1_136' title='bbox 334 2715 439 2786; x_wconf 88' lang='lat' dir='ltr'><strong>optata</strong></span> <span class='ocrx_word' id='word_1_137' title='bbox 453 2707 554 2787; x_wconf 75' lang='lat' dir='ltr'><strong>exegit</strong></span> <span class='ocrx_word' id='word_1_138' title='bbox 568 2708 666 2788; x_wconf 88' lang='lat' dir='ltr'><strong>gloria</strong></span> <span class='ocrx_word' id='word_1_139' title='bbox 681 2715 808 2790; x_wconf 83' lang='lat' dir='ltr'><strong>poenasl</strong></span> 
     </span>
    </p>

    <p class='ocr_par' dir='ltr' id='par_1_5' title="bbox 139 2820 1099 3132">
     <span class='ocr_line' id='line_1_23' title="bbox 182 2820 1006 2907; baseline 0.011 -26"><span class='ocrx_word' id='word_1_140' title='bbox 182 2821 251 2882; x_wconf 85' lang='lat' dir='ltr'><strong>‘Da</strong></span> <span class='ocrx_word' id='word_1_141' title='bbox 264 2820 398 2901; x_wconf 86' lang='lat' dir='ltr'><strong>spatium</strong></span> <span class='ocrx_word' id='word_1_142' title='bbox 412 2821 502 2895; x_wconf 83' lang='lat' dir='ltr'><strong>vitae,</strong></span> <span class='ocrx_word' id='word_1_143' title='bbox 517 2822 629 2884; x_wconf 84' lang='lat' dir='ltr'><strong>multos</strong></span> <span class='ocrx_word' id='word_1_144' title='bbox 644 2825 693 2899; x_wconf 87' lang='lat' dir='ltr'><strong>da,</strong></span> <span class='ocrx_word' id='word_1_145' title='bbox 709 2826 862 2907; x_wconf 85' lang='lat' dir='ltr'><strong>Juppiter,</strong></span> <span class='ocrx_word' id='word_1_146' title='bbox 876 2848 971 2892; x_wconf 91' lang='lat' dir='ltr'><strong>annos</strong></span> <span class='ocrx_word' id='word_1_147' title='bbox 980 2829 1006 2890; x_wconf 88' lang='lat' dir='ltr'><strong>l’</strong></span> 
     </span>
     <span class='ocr_line' id='line_1_24' title="bbox 139 2933 892 3021; baseline 0.011 -26"><span class='ocrx_word' id='word_1_148' title='bbox 139 2934 197 2997; x_wconf 88' lang='lat' dir='ltr'><strong>hoo</strong></span> <span class='ocrx_word' id='word_1_149' title='bbox 211 2943 294 2995; x_wconf 86' lang='lat' dir='ltr'><strong>recto</strong></span> <span class='ocrx_word' id='word_1_150' title='bbox 307 2933 407 3008; x_wconf 90' lang='lat' dir='ltr'><strong>vultu,</strong></span> <span class='ocrx_word' id='word_1_151' title='bbox 421 2934 519 2996; x_wconf 85' lang='lat' dir='ltr'><strong>solum</strong></span> <span class='ocrx_word' id='word_1_152' title='bbox 534 2937 591 2998; x_wconf 88' lang='lat' dir='ltr'><strong>hoc</strong></span> <span class='ocrx_word' id='word_1_153' title='bbox 606 2946 636 2998; x_wconf 94' lang='lat' dir='ltr'><strong>et</strong></span> <span class='ocrx_word' id='word_1_154' title='bbox 650 2938 784 3018; x_wconf 86' lang='lat' dir='ltr'><strong>pallidus</strong></span> <span class='ocrx_word' id='word_1_155' title='bbox 798 2949 892 3021; x_wconf 82' lang='lat' dir='ltr'><strong>optas.</strong></span> 
     </span>
     <span class='ocr_line' id='line_1_25' title="bbox 139 3046 1099 3132; baseline 0.013 -25"><span class='ocrx_word' id='word_1_156' title='bbox 139 3047 191 3108; x_wconf 91' lang='lat' dir='ltr'><strong>sed</strong></span> <span class='ocrx_word' id='word_1_157' title='bbox 205 3067 298 3127; x_wconf 91' lang='lat' dir='ltr'><strong>quam</strong></span> <span class='ocrx_word' id='word_1_158' title='bbox 313 3046 464 3108; x_wconf 88' lang='grc'><strong>0001101110</strong></span> <span class='ocrx_word' id='word_1_159' title='bbox 479 3056 510 3108; x_wconf 88' lang='grc'><strong>01</strong></span> <span class='ocrx_word' id='word_1_160' title='bbox 524 3050 644 3128; x_wconf 88' lang='lat' dir='ltr'><strong>quantis</strong></span> <span class='ocrx_word' id='word_1_161' title='bbox 659 3050 751 3132; x_wconf 86' lang='lat' dir='ltr'><strong>longa</strong></span> <span class='ocrx_word' id='word_1_162' title='bbox 765 3062 900 3114; x_wconf 73' lang='lat' dir='ltr'><strong>senectus</strong></span> <span class='ocrx_word' id='word_1_163' title='bbox 1040 3056 1099 3119; x_wconf 91' lang='lat'><strong>190</strong></span> 
     </span>
    </p>

    <p class='ocr_par' dir='ltr' id='par_1_6' title="bbox 76 3158 1038 3586">
     <span class='ocr_line' id='line_1_26' title="bbox 139 3158 1038 3241; baseline 0.012 -20"><span class='ocrx_word' id='word_1_164' title='bbox 139 3160 230 3241; x_wconf 87' lang='lat' dir='ltr'><strong>plena</strong></span> <span class='ocrx_word' id='word_1_165' title='bbox 241 3158 347 3220; x_wconf 89' lang='lat' dir='ltr'><strong>malisl</strong></span> <span class='ocrx_word' id='word_1_166' title='bbox 364 3159 529 3223; x_wconf 85' lang='lat' dir='ltr'><strong>deformem</strong></span> <span class='ocrx_word' id='word_1_167' title='bbox 539 3171 570 3223; x_wconf 93' lang='lat' dir='ltr'><strong>et</strong></span> <span class='ocrx_word' id='word_1_168' title='bbox 580 3171 711 3225; x_wconf 87' lang='lat' dir='ltr'><strong>taetrum</strong></span> <span class='ocrx_word' id='word_1_169' title='bbox 723 3176 794 3227; x_wconf 88' lang='lat' dir='ltr'><strong>ante</strong></span> <span class='ocrx_word' id='word_1_170' title='bbox 804 3168 907 3229; x_wconf 88' lang='lat' dir='ltr'><strong>omnia</strong></span> <span class='ocrx_word' id='word_1_171' title='bbox 917 3167 1038 3232; x_wconf 87' lang='lat' dir='ltr'><strong>vultum</strong></span> 
     </span>
     <span class='ocr_line' id='line_1_27' title="bbox 76 3255 902 3361; baseline 0.015 -28"><span class='ocrx_word' id='word_1_172' title='bbox 76 3255 83 3260; x_wconf 49' lang='grc'><strong>’</strong></span> <span class='ocrx_word' id='word_1_173' title='bbox 138 3272 375 3353; x_wconf 88' lang='lat' dir='ltr'><strong>dissimilemque</strong></span> <span class='ocrx_word' id='word_1_174' title='bbox 389 3275 445 3349; x_wconf 88' lang='lat' dir='ltr'><strong>sui,</strong></span> <span class='ocrx_word' id='word_1_175' title='bbox 460 3275 625 3339; x_wconf 83' lang='lat' dir='ltr'><strong>deformem</strong></span> <span class='ocrx_word' id='word_1_176' title='bbox 639 3300 694 3358; x_wconf 91' lang='lat' dir='ltr'><strong>pro</strong></span> <span class='ocrx_word' id='word_1_177' title='bbox 709 3289 777 3342; x_wconf 89' lang='lat' dir='ltr'><strong>oute</strong></span> <span class='ocrx_word' id='word_1_178' title='bbox 790 3255 902 3361; x_wconf 90' lang='lat' dir='ltr'><strong>pellem</strong></span> 
     </span>
     <span class='ocr_line' id='line_1_28' title="bbox 138 3387 821 3474; baseline 0.015 -29"><span class='ocrx_word' id='word_1_179' title='bbox 138 3387 357 3468; x_wconf 86' lang='lat' dir='ltr'><strong>pendentisque</strong></span> <span class='ocrx_word' id='word_1_180' title='bbox 372 3409 464 3468; x_wconf 83' lang='lat' dir='ltr'><strong>genas</strong></span> <span class='ocrx_word' id='word_1_181' title='bbox 479 3398 509 3450; x_wconf 91' lang='lat' dir='ltr'><strong>et</strong></span> <span class='ocrx_word' id='word_1_182' title='bbox 522 3390 593 3452; x_wconf 84' lang='lat' dir='ltr'><strong>talis</strong></span> <span class='ocrx_word' id='word_1_183' title='bbox 607 3391 707 3472; x_wconf 87' lang='lat' dir='ltr'><strong>aspice</strong></span> <span class='ocrx_word' id='word_1_184' title='bbox 721 3415 821 3474; x_wconf 84' lang='lat' dir='ltr'><strong>rugas,</strong></span> 
     </span>
     <span class='ocr_line' id='line_1_29' title="bbox 138 3502 926 3586; baseline 0.009 -21"><span class='ocrx_word' id='word_1_185' title='bbox 138 3503 252 3585; x_wconf 87' lang='lat' dir='ltr'><strong>quales,</strong></span> <span class='ocrx_word' id='word_1_186' title='bbox 266 3502 445 3566; x_wconf 82' lang='lat' dir='ltr'><strong>umbriferos</strong></span> <span class='ocrx_word' id='word_1_187' title='bbox 459 3503 512 3567; x_wconf 92' lang='lat' dir='ltr'><strong>ubi</strong></span> <span class='ocrx_word' id='word_1_188' title='bbox 525 3507 634 3586; x_wconf 91' lang='lat' dir='ltr'><strong>pandit</strong></span> <span class='ocrx_word' id='word_1_189' title='bbox 648 3507 809 3572; x_wconf 83' lang='lat' dir='ltr'><strong>Thabraca</strong></span> <span class='ocrx_word' id='word_1_190' title='bbox 821 3509 926 3584; x_wconf 85' lang='lat' dir='ltr'><strong>saltus,</strong></span> 
     </span>
    </p>
   </div>
   <div class='ocr_carea' id='block_1_5' title="bbox 0 0 1272 3806">
    <p class='ocr_par' dir='ltr' id='par_1_7' title="bbox 0 0 1272 3806">
     <span class='ocr_line' id='line_1_30' title="bbox 0 0 1272 3806; baseline 0 3"><span class='ocrx_word' id='word_1_191' title='bbox 0 0 1272 3806; x_wconf 95' lang='lat' dir='ltr'><strong> </strong></span> 
     </span>
    </p>
   </div>
  </div>
 </body>
</html>
