2536 3806
459 277 631 324 SATVRA
660 275 767 323 x111.

126 435 278 515 quidquid
293 433 406 494 habent
420 433 549 494 telorum
563 431 799 494 armamentaria
813 431 898 494 caeli.

126 548 153 608 si
170 567 243 608 vero
257 555 286 606 et
300 555 386 625 peter
400 555 453 618 est,
468 546 659 616 ‘comedem‚'
676 545 784 624 inquit,
800 543 919 607 ‘flebile
933 545 998 608 nati

126 658 262 739 sinciput
276 658 351 719 elixi
365 657 537 737 Pharioque
552 657 700 718 madentis
715 657 817 718 aceto!
1049 658 1088 718 85

170 771 249 832 Sunt
263 771 295 831 in
309 771 448 832 fortunae
462 772 515 850 qui
530 771 647 834 casibus
662 771 764 831 omnia
778 780 893 850 ponant

128 893 160 944 et
174 883 261 943 nullo
275 883 400 944 credant
414 883 562 944 mundum
578 891 692 944 rectore
706 883 830 955 moveri,

128 1006 242 1057 natura
255 995 396 1058 volvente
409 997 490 1058 vices
503 1006 534 1056 et
547 995 623 1057 lucis
637 1004 668 1056 et
681 995 763 1068 anni,
810 1007 815 1032 ¹

128 1119 222 1189 etque
237 1109 303 1170 ideo
317 1109 461 1190 intrepidi
476 1128 683 1188 quaecumque
697 1107 808 1170 altaria
822 1117 960 1188 tangunt.

131 1223 194 1304 [est
207 1221 285 1284 alius
300 1232 444 1296 metuens,
458 1243 496 1283 ne
513 1221 626 1283 crimen
641 1242 738 1302 poena
751 1231 894 1301 sequatur
905 1223 927 1300 ;]
1050 1222 1089 1284 90

129 1337 181 1397 hic
195 1345 285 1418 putat
297 1357 359 1397 esse
374 1337 444 1397 deos
458 1345 488 1398 et
502 1337 625 1416 pejerat,
639 1346 730 1415 atque
744 1336 787 1397 ite
800 1356 918 1398 secum:

130 1451 291 1512 ‘decernat
305 1450 516 1530 quodcumque
531 1451 613 1512 volet
626 1451 664 1511 de
678 1470 801 1530 corpore
814 1464 915 1512 nostro

129 1563 188 1626 Isis
202 1571 233 1624 et
246 1563 323 1624 irato
338 1563 427 1624 feriat
441 1584 508 1626 mea
522 1564 639 1624 lumina
652 1565 749 1637 sistro,

129 1676 295 1739 dummodo
309 1675 359 1738 vel
373 1697 478 1738 caecus
492 1686 609 1740 teneam
624 1697 699 1759 quos
713 1677 829 1758 abnego
843 1697 989 1740 nummos.

130 1805 160 1858 et
174 1795 304 1875 phthisis
319 1805 349 1857 et
363 1796 498 1857 vomicae
512 1805 614 1875 putres
629 1804 660 1857 et
673 1795 832 1857 dimidium
847 1815 916 1856 crus
1049 1794 1089 1856 95

129 1917 201 1969 sunt
215 1909 302 1969 tanti.
344 1929 460 1988 pauper
473 1907 654 1988 locupletem
668 1917 773 1988 optare
786 1908 952 1988 podagram

129 2041 185 2081 nec
199 2021 319 2083 dubitet
333 2021 443 2094 Ladas,
458 2022 483 2082 si
497 2043 557 2084 non
572 2032 639 2102 eget
655 2023 805 2104 Anticyra
819 2043 875 2084 nec

129 2131 320 2213 Archigene;
342 2135 414 2214 quid
430 2134 510 2194 enim
524 2134 635 2196 velocis
649 2135 747 2215 gloria
762 2136 884 2217 plantae

129 2255 264 2325 praentat
278 2255 308 2307 et
322 2247 453 2306 esuriens
468 2247 591 2307 Pisaeae
607 2269 707 2308 ramus
722 2248 841 2309 olivae?

87 2426 90 2430 ,
130 2371 165 2422 ut
179 2362 219 2422 sit
233 2383 352 2441 magna,
366 2372 468 2424 temen
484 2373 563 2424 certe
580 2363 663 2425 lenta
677 2364 723 2425 ira
737 2365 862 2426 deorum
876 2372 936 2426 est:
1030 2363 1089 2427 100

128 2472 154 2533 si
170 2482 279 2535 curant
291 2474 386 2553 igitur
400 2483 523 2535 cunctos
538 2476 647 2554 punire
659 2485 808 2549 nocentes,

129 2583 253 2663 quando
267 2583 306 2644 ad
322 2605 368 2645 me
384 2585 525 2646 venient?
544 2585 596 2646 sed
611 2595 640 2646 et
654 2585 808 2646 exorabile
821 2605 935 2648 numen

128 2699 255 2760 sortasse
269 2698 424 2778 experiar;
445 2698 521 2760 solet
535 2699 581 2760 his
596 2699 755 2778 ignoscere.
796 2698 887 2761 multi

129 2811 325 2873 committunt
337 2811 441 2872 eadem
458 2812 576 2874 diverso
589 2811 718 2873 crimina
731 2795 811 2884 fato;

129 2924 184 2986 ille
197 2944 317 2985 crucem
331 2923 449 2985 sceleris
464 2925 595 3003 pretium
609 2925 691 2998 tulit,
705 2925 756 2986 hic
769 2924 927 2988 diadema?
1030 2925 1088 2987 105

128 3038 173 3100 sic
188 3037 324 3097 animum
338 3036 423 3097 dirae
436 3036 589 3116 trepidum
604 3037 765 3098 formidine
780 3037 889 3118 culpae

129 3150 299 3223 confirmet,
312 3159 386 3211 tunc
400 3159 430 3210 te
444 3170 530 3211 sacra
544 3150 583 3211 ad
598 3149 727 3211 delubra
741 3159 899 3213 vocantem

130 3263 293 3347 praeeedit,
307 3263 427 3324 trahere
441 3264 533 3323 immo
548 3263 628 3324 ultro
643 3283 679 3324 ac
693 3284 805 3325 vexare
819 3272 952 3344 paratus.

130 3397 202 3438 nam
218 3396 286 3436 cum
302 3395 413 3456 magns
427 3376 526 3436 malae
539 3384 673 3454 superest
686 3375 815 3437 audacia
829 3395 945 3449 causae,

130 3489 298 3556 creditura
312 3487 415 3551 multis
429 3487 549 3551 fiducia.
590 3488 718 3550 mimum
732 3487 797 3570 agit
810 3487 872 3563 ille,
1032 3488 1090 3550 110
