2536 3806
472 221 643 268 SA'rVRA
672 221 737 268 XI.

118 378 243 457 imperii
257 379 329 451 fato,
343 377 477 457 geminos
491 378 547 438 sub
561 397 637 457 rupe
652 377 807 454 Quirinos,

119 511 158 550 ac
173 491 288 551 nudam
302 491 428 570 effigiem
445 491 541 570 clipeo
556 491 703 553 venientis
718 499 747 552 et
762 492 850 553 basta

119 603 341 683 pendentisque
354 603 402 664 dei
417 605 551 684 perituro
566 603 734 664 ostenderet
747 603 834 666 hosti.

119 717 276 796 ponebant
290 717 384 797 igitur
397 717 494 778 Tusco
509 718 623 778 farrata
638 718 755 790 catino;

120 829 241 908 argenti
256 829 337 909 quod
352 838 424 901 erat,
439 829 510 889 solis
524 828 660 907 fulgebat
674 829 705 888 in
720 829 820 890 armis.

120 945 225 1004 omnia
239 953 321 1017 tunc,
337 943 445 1024 quibus
460 943 605 1016 invideas,
620 944 644 1002 si
659 943 808 1004 lividulus
821 943 869 1004 sis.

120 1045 305 1138 templorum
320 1077 438 1137 quoque
452 1057 591 1136 majestas
605 1057 791 1136 praesentior
805 1065 835 1118 et
848 1077 911 1119 vox

120 1181 210 1232 nocte
224 1172 285 1231 fere
298 1170 399 1231 media
413 1169 603 1249 mediamque
617 1170 722 1230 audita
736 1189 789 1248 per
804 1168 920 1244 urbem,

120 1285 212 1345 litore
226 1283 266 1344 ab
280 1282 394 1344 Oceani
409 1281 509 1344 Gallis
523 1281 713 1344 venientibus
728 1292 758 1343 et
771 1283 818 1342 dis

120 1397 254 1459 officium
269 1396 348 1457 vatis
362 1394 582 1475 peragentibus.
625 1395 672 1456 his
686 1396 803 1456 monuit
818 1415 881 1469 nos,

119 1512 202 1571 bano
216 1508 305 1569 rebus
319 1507 416 1568 Latiis
431 1528 533 1568 curam
549 1517 701 1588 praestare
715 1508 830 1569 solebat

120 1623 224 1685 fictilis
239 1632 269 1684 et
282 1622 368 1682 nullo
382 1622 514 1685 violatus
528 1621 673 1701 Juppiter
686 1642 768 1682 auro,

120 1740 178 1800 illa
192 1738 274 1799 domi
287 1746 373 1798 natas
387 1747 548 1817 nostraque
561 1757 600 1797 ex
614 1736 721 1797 arbore
735 1756 851 1797 mennas

120 1867 259 1935 tempora
275 1855 434 1927 viderunt;
456 1854 510 1914 bos
524 1853 640 1933 lignum
656 1852 757 1913 stabat
770 1853 809 1913 ad
824 1873 903 1926 usus,

120 1989 267 2030 annosam
281 1969 306 2029 si
322 1969 399 2029 forte
413 1989 520 2029 nucem
535 1969 682 2048 dejecerat
697 1988 793 2027 eurus.

120 2091 155 2142 at
169 2101 250 2141 nunc
265 2080 411 2142 divitibus
426 2080 552 2141 cenandi
568 2080 655 2140 nulla
668 2079 818 2158 voluptas,

120 2197 166 2255 nil
182 2195 335 2268 rhombus,
349 2196 393 2255 nii
409 2195 499 2256 dama
515 2196 602 2274 sapit,
617 2205 723 2275 putere
736 2194 879 2256 videntur

120 2317 278 2388 unguenta
292 2319 384 2389 atque
398 2329 490 2382 rosae,
505 2309 581 2368 latos
596 2309 653 2368 nisi
667 2309 793 2369 sustinet
808 2309 894 2370 orbes

120 2424 237 2504 grande
251 2423 326 2484 ebur
339 2434 369 2484 et
383 2445 492 2504 magno
506 2424 643 2484 sublimis
657 2424 769 2504 pardus
783 2425 879 2499 hiatu,

120 2537 263 2599 dentibus
277 2560 316 2599 ex
330 2538 400 2613 iliis,
414 2559 488 2618 quos
503 2539 597 2600 mittit
610 2550 698 2618 porta
711 2539 822 2618 Syenes

121 2663 151 2712 et
166 2651 270 2713 Mauri
285 2651 394 2713 celeres
408 2661 438 2712 et
453 2651 563 2712 Mauro
577 2651 731 2712 obscurior
745 2651 849 2726 Indus,

121 2775 151 2826 et
166 2786 240 2844 quos
255 2764 393 2844 deposuit
407 2765 564 2826 Nabataeo
579 2765 669 2826 belua
683 2765 772 2838 saltu,

125 2879 191 2958 jam
206 2877 314 2938 nimios
329 2877 481 2957 capitique
494 2897 609 2956 graves.
644 2878 722 2938 binc
736 2878 834 2957 surgit
847 2879 954 2954 oraxis,

122 2991 193 3050 hinc
207 2980 363 3051 stomacho
376 2991 471 3062 vires;
493 3011 563 3050 nam
579 3009 630 3068 pes
645 2999 804 3068 argenteus
818 2991 888 3065 illis,

122 3103 232 3164 anulus
246 3104 278 3161 in
293 3103 387 3181 digito
402 3103 482 3183 quod
496 3103 617 3185 ferreus.
664 3123 735 3181 ergo
748 3103 910 3182 superbum

122 3215 283 3277 convivam
298 3235 399 3287 cave0,
414 3214 466 3294 qui
481 3235 528 3274 me
542 3213 599 3274 sibi
614 3224 770 3292 comparat
783 3225 813 3274 et
827 3235 873 3276 res

121 3327 249 3408 despicit
262 3327 396 3406 exiguas.
438 3327 513 3387 adeo
527 3326 614 3386 nulla
627 3327 718 3386 uncia
732 3327 817 3388 nobis

122 3448 166 3502 est
179 3438 286 3512 eboris,
300 3458 355 3499 nec
368 3439 513 3512 tessellae,
527 3459 583 3498 nec
598 3437 733 3499 calculus
747 3457 786 3499 ex
799 3438 858 3500 bac
958 3445 959 3452 ’

569 3534 595 3587 G
604 3535 620 3586 2
