2516 3806
169 188 211 252 94
416 203 594 250 D.1VN11
623 203 871 251 rvvausurs

168 369 197 422 et
212 360 319 422 melior
334 361 436 422 vicina
449 381 547 439 seges:
570 360 712 420 mercaris
728 369 758 421 et
771 359 851 420 hano
864 368 895 420 et

168 475 293 536 arbusta
306 484 336 537 et
350 476 443 536 densa
458 484 590 535 montem
605 475 658 554 qui
674 483 762 535 canet
776 473 867 547 oliva.

168 609 296 668 quorum
311 589 336 650 si
350 589 448 669 pretio
462 588 603 649 dominus
616 608 678 648 non
692 588 828 650 vincitur
841 586 915 659 ullo,
1073 587 1128 646 145

168 713 255 764 nocte
269 703 360 766 boves
376 704 471 764 maeri
486 703 624 783 lassoque
638 704 779 764 famelica
793 703 871 765 oollo

171 817 312 897 jumenta
326 818 365 879 ad
380 819 492 880 virides
507 818 597 898 hujus
612 819 772 879 mittentur
785 819 901 891 aristas,

168 951 223 990 neo
238 930 322 1010 prius
336 931 408 992 iude
422 931 546 993 domurn
562 953 653 1011 quam
669 940 733 992 tota
747 929 872 992 novalia¹
884 951 988 994 saevos
998 965 1011 991 s

169 1039 201 1099 in
216 1049 337 1100 ventres
351 1040 471 1113 abeant,
488 1050 521 1102 ut
536 1042 639 1102 eredas
654 1041 783 1103 falcibus
797 1049 908 1101 aetum.

170 1147 270 1210 dicere
284 1149 339 1210 vix
353 1150 446 1228 possis
460 1172 553 1231 quam
567 1151 656 1212 multi
672 1151 748 1213 talia
761 1151 890 1230 plorent,
1073 1150 1127 1212 150

169 1271 199 1323 et
215 1273 289 1343 quot
303 1265 426 1326 venales
441 1266 553 1345 injuria
567 1267 671 1328 fecerit
685 1287 781 1346 agros.

169 1376 220 1436 sed
235 1377 285 1455 qui
301 1397 459 1451 sermones,
475 1400 567 1458 quam
581 1379 687 1441 foedae
700 1379 812 1440 bucina
827 1381 940 1440 famae!

170 1490 261 1570 ‘quid
272 1500 360 1551 nooet
370 1492 445 1553 haeo
455 1492 484 1553 l’
499 1493 608 1573 inquit,
619 1497 626 1524 ‘
636 1493 772 1554 tuuioam
783 1493 859 1555 mibi
868 1492 949 1555 malo
960 1492 1070 1574 lupini,

170 1623 261 1683 quam
276 1603 301 1665 si
315 1624 364 1664 me
378 1613 440 1666 toto
456 1604 561 1668 laudet
575 1605 689 1668 vicinia
703 1625 781 1684 pago

170 1715 274 1795 exigui
289 1717 366 1776 ruris
382 1718 563 1796 paucissima
576 1718 660 1779 farra
673 1718 842 1780 secantem!
1073 1703 1126 1778 155

170 1829 285 1891 seilicet
298 1837 329 1890 et
341 1830 453 1890 morbis
467 1840 497 1890 et
511 1831 668 1892 debilitate
682 1830 805 1904 carebis,

171 1955 201 2006 et
215 1945 331 2005 luctum
345 1953 376 2004 et
390 1965 493 2005 curam
509 1944 640 2023 effugies,
656 1955 686 2006 et
699 1954 836 2024 tempora
849 1944 930 2006 vitae

172 2059 264 2138 longa
278 2058 335 2119 tibi
350 2059 475 2137 posthae
489 2059 552 2120 fato
567 2059 691 2120 meliore
704 2057 868 2132 dabuntur,

171 2171 329 2231 sitantum
345 2170 421 2231 oulti
434 2170 514 2232 solus
529 2169 694 2250 possederis
709 2170 783 2249 agri,

173 2292 321 2363 quantum
335 2283 391 2344 sub
406 2282 495 2344 Tatio
510 2283 640 2362 populus
655 2283 812 2344 Romanus
826 2281 941 2344 arabat.
1074 2283 1130 2344 160

172 2420 245 2460 mox
259 2400 350 2460 etiarn
365 2399 468 2462 fractis
483 2409 582 2460 aetate
596 2420 632 2459 ao
646 2399 765 2460 Punica
779 2399 873 2479 passis

173 2511 288 2592 proelia
302 2511 350 2572 vel
366 2512 498 2592 Pyrrum
513 2513 666 2573 inmanem
681 2511 858 2592 gladiosque
871 2511 1018 2572 Molossos

173 2626 297 2688 tandem
313 2646 369 2703 pro
384 2626 488 2686 multis
502 2626 557 2687 vix
574 2627 683 2706 jugera
697 2625 770 2686 bina
784 2626 936 2686 dabantur

173 2739 359 2802 vulneribus.
401 2759 513 2808 meroes
528 2740 602 2800 haec
617 2739 772 2818 sanguinis
785 2748 877 2818 atque
891 2737 1003 2800 laboris

174 2851 267 2914 nullis
280 2852 347 2914 visa
361 2872 505 2932 umquam
522 2852 636 2913 meritis
652 2853 817 2912 minorant
831 2853 968 2931 ingratae
1075 2851 1129 2914 165

174 2974 261 3024 curta
275 2963 348 3024 fides
362 2965 487 3042 patriae.
528 2964 687 3028 saturabat
700 2963 824 3044 glebula
837 2965 907 3025 talis

174 3055 292 3160 fratrem
307 3077 406 3156 ipsum
420 3077 602 3157 turbamque
616 3097 710 3150 ossae,
726 3097 786 3156 qua
801 3077 863 3137 feta
879 3074 1000 3155 jacebat

175 3212 254 3254 uxor
267 3200 297 3252 et
311 3190 441 3252 infantes
455 3190 601 3252 ludebant
615 3199 767 3269 quattuor,
782 3209 860 3249 unus

175 3304 312 3374 vernula,
327 3313 387 3362 tres
402 3303 534 3373 domini;
556 3303 606 3362 sed
622 3303 739 3380 magnis
753 3300 898 3362 fratribus
912 3301 1022 3363 horum

176 3434 197 3476 a
209 3412 312 3474 scrobe
326 3411 376 3473 vel
390 3411 473 3472 suloo
487 3410 682 3474 redeuntibus
697 3411 794 3474 altera
808 3431 883 3474 cena
1073 3411 1128 3474 170
