2516 3806
496 263 669 312 SATVRA
698 264 739 311 V.

137 422 256 501 vertigo
270 420 356 482 faeitl
378 420 428 481 hio
443 407 544 481 Darna
558 428 602 481 est
617 440 677 480 non
692 419 792 480 tressis
806 440 906 500 agaso,

137 554 243 615 vappa
255 534 366 614 lippus,
382 541 412 594 et
426 533 458 593 in
473 535 557 594 tenui
572 533 726 612 farragine
737 534 887 602 mendax:

138 648 266 713 verterit
279 648 363 708 hune
376 646 525 722 dominus,
540 657 692 708 momento
707 645 837 709 turbinis
851 648 916 709 exit

139 763 265 824 Marcus
280 760 389 823 Dama.
432 761 546 841 papael
568 758 674 822 Marco
689 761 863 842 spondente,
877 781 995 823 recusas

140 876 263 938 credere
276 882 311 934 tu
325 875 484 934 nummos?
505 870 612 934 Marco
625 874 682 935 sub
698 873 801 953 judice
815 873 931 954 palles?
1065 873 1103 937 80

141 979 270 1050 Marcus
281 985 377 1048 dixit:
399 987 443 1047 ita
457 995 518 1060 est;
539 985 675 1067 adsigna,
690 987 804 1062 Marce,
818 983 955 1049 tabellas.

141 1103 217 1164 haee
231 1121 315 1162 mera
329 1099 469 1162 libertas!
490 1101 548 1162 hoo
562 1100 648 1163 nobis
663 1098 756 1181 pillea
770 1101 900 1162 donanti

143 1214 214 1275 ‘An
229 1213 388 1293 quisquam
403 1223 447 1274 est
460 1212 539 1273 alius
553 1209 640 1287 liber,
654 1210 712 1274 nisi
727 1213 836 1275 ducere
849 1214 945 1276 vitam

144 1329 194 1389 cui
208 1327 288 1400 licet,
303 1334 338 1387 ut
351 1323 470 1388 voluit?
490 1322 561 1388 lieet
576 1336 612 1388 ut
625 1325 695 1390 volo
709 1325 829 1390 vivere:
851 1337 911 1388 non
925 1333 992 1390 sum

143 1440 270 1527 liberior
284 1436 381 1500 Bruto
390 1436 419 1500 i'
461 1444 478 1470 ‘⁴
487 1437 633 1502 Mendose
648 1438 793 1522 colligis,''
808 1427 907 1521 in'quit
1067 1440 1106 1505 85

144 1554 256 1616 stoicus
270 1551 330 1626 hic,
344 1569 449 1613 aurem
464 1553 599 1613 mordaci
614 1552 693 1615 lotus
708 1562 810 1628 eoet03

146 1674 163 1700 “
173 1669 249 1729 haec
263 1665 381 1746 reliqua
395 1666 527 1746 aecipio;
550 1667 614 1728 licet
627 1667 706 1728 illud
720 1677 749 1728 et
762 1672 795 1727 ut
807 1661 869 1728 nob
883 1651 984 1732 tolle?
1071 1665 1073 1670 ’

146 1781 314 1844 ‘Vindicta
327 1791 488 1861 postquam
502 1799 586 1842 meus
601 1801 620 1842 a
633 1791 771 1862 praetore
785 1783 900 1860 recessi,

147 1917 203 1958 eur
217 1895 292 1955 mihi
307 1913 367 1956 non
382 1894 481 1967 liceat,
497 1895 588 1974 jussit
601 1895 811 1976 quodcumque
825 1882 975 1970 voluntas,

147 2019 276 2089 excepto
289 2009 313 2068 si
329 2008 403 2088 quid
418 2007 535 2068 Masuri
551 2008 673 2069 rubrica
687 2009 840 2072 vetaviti’
1069 1996 1110 2063 90

190 2118 291 2192 Disce,
305 2119 356 2179 sed
372 2119 418 2179 ira
433 2119 522 2179 cadat
536 2139 608 2179 naso
623 2138 790 2197 rugosaque
804 2135 909 2190 sanna,

148 2232 223 2292 dum
237 2239 352 2293 veteres
367 2230 451 2292 avias
467 2229 523 2290 tibi
538 2230 576 2290 de
590 2230 733 2311 pulmone
747 2225 868 2290 revello.

147 2364 210 2405 non
224 2341 370 2423 praetoris
387 2351 452 2403 erat
466 2342 566 2404 stultis
581 2341 653 2402 dare
667 2342 770 2402 tenuia
785 2357 886 2402 rerum

147 2457 255 2530 officia,
270 2464 362 2535 atque
375 2473 464 2516 usum
479 2454 603 2535 rapidae
616 2456 789 2535 permittere
803 2453 900 2516 vitaer

147 2566 324 2630 sambucam
339 2566 427 2626 eitius
443 2564 542 2627 caloni
557 2566 709 2646 aptaveris
723 2566 793 2626 alto.
829 2574 836 2589 ⁴

147 2690 209 2744 stat
222 2689 328 2742 eontra
342 2681 428 2754 ratio,
444 2688 474 2741 et
489 2688 633 2741 secretam
647 2680 744 2759 garrit
757 2679 789 2740 in
804 2697 908 2740 aurem

147 2819 187 2860 ne
201 2797 293 2859 liceat
307 2795 405 2857 facere
419 2791 452 2856 id
467 2795 547 2876 quod
562 2795 629 2876 quis
643 2794 765 2856 vitiabit
779 2793 904 2875 agendo.

147 2910 273 2992 publica
287 2908 339 2970 lex
352 2909 510 2971 hominum
526 2919 696 2989 naturaque
710 2909 843 2970 continet
856 2905 914 2970 hoo
928 2909 982 2982 fas,

146 3035 183 3088 ut
195 3031 298 3087 teneat
312 3024 421 3086 vetitos
437 3020 556 3086 inscitia
572 3020 681 3085 debilis
696 3032 789 3085 actus.

147 3143 240 3205 diluis
253 3140 451 3216 helleborum,
467 3151 548 3204 certo
562 3159 739 3222 conpescere
754 3149 866 3220 puncto
994 3113 996 3120 Ι
1052 3136 1110 3201 100

146 3258 264 3320 nescius
278 3258 428 3318 examen?
447 3265 532 3320 vetat
545 3257 603 3318 hoe
617 3264 729 3317 natura
743 3249 891 3316 medendi.

146 3393 257 3435 navem
271 3371 297 3430 si
310 3379 415 3450 poscat
428 3371 486 3431 sibi
501 3377 664 3450 peronatus
679 3378 789 3442 arator,

146 3485 267 3549 luciferi
282 3483 375 3558 rudis,
390 3484 541 3545 exclamet
556 3483 715 3544 Melicerta
729 3482 840 3564 perisse

258 3581 389 3636 8-Juv.
610 3580 662 3632 Ka
