<?xml version="1.0" encoding="UTF-8"?>
<!DOCTYPE html PUBLIC "-//W3C//DTD XHTML 1.0 Transitional//EN"
    "http://www.w3.org/TR/xhtml1/DTD/xhtml1-transitional.dtd">
<html xmlns="http://www.w3.org/1999/xhtml" xml:lang="en" lang="en">
 <head>
  <title>
</title>
<meta http-equiv="Content-Type" content="text/html;charset=utf-8" />
  <meta name='ocr-system' content='tesseract 3.04.00' />
  <meta name='ocr-capabilities' content='ocr_page ocr_carea ocr_par ocr_line ocrx_word'/>
</head>
<body>
  <div class='ocr_page' id='page_1' title='image "./selectionsfroms01persgoog/selectionsfroms01persgoog_0052.png"; bbox 0 0 2536 3806; ppageno 0'>
   <div class='ocr_carea' id='block_1_1' title="bbox 470 207 756 256">
    <p class='ocr_par' dir='ltr' id='par_1_1' title="bbox 470 207 756 256">
     <span class='ocr_line' id='line_1_1' title="bbox 470 207 756 256; baseline 0.007 -2"><span class='ocrx_word' id='word_1_1' title='bbox 470 207 643 256; x_wconf 70' lang='lat' dir='ltr'>SATVRA</span> <span class='ocrx_word' id='word_1_2' title='bbox 672 208 756 256; x_wconf 86' lang='lat' dir='ltr'>v11.</span> 
     </span>
    </p>
   </div>
   <div class='ocr_carea' id='block_1_2' title="bbox 102 362 1090 1916">
    <p class='ocr_par' dir='ltr' id='par_1_2' title="bbox 102 362 1090 1916">
     <span class='ocr_line' id='line_1_2' title="bbox 102 362 883 444; baseline -0.004 -17"><span class='ocrx_word' id='word_1_3' title='bbox 102 421 105 427; x_wconf 91' lang='lat'>.</span> <span class='ocrx_word' id='word_1_4' title='bbox 133 366 214 427; x_wconf 91' lang='lat' dir='ltr'><strong>unde</strong></span> <span class='ocrx_word' id='word_1_5' title='bbox 228 374 340 427; x_wconf 86' lang='lat' dir='ltr'><strong>emeret</strong></span> <span class='ocrx_word' id='word_1_6' title='bbox 354 364 453 426; x_wconf 88' lang='lat' dir='ltr'><strong>multa</strong></span> <span class='ocrx_word' id='word_1_7' title='bbox 466 364 650 444; x_wconf 90' lang='lat' dir='ltr'><strong>pascendum</strong></span> <span class='ocrx_word' id='word_1_8' title='bbox 664 384 754 425; x_wconf 88' lang='lat' dir='ltr'><strong>came</strong></span> <span class='ocrx_word' id='word_1_9' title='bbox 768 362 883 425; x_wconf 91' lang='lat' dir='ltr'><strong>leonem</strong></span> 
     </span>
     <span class='ocr_line' id='line_1_3' title="bbox 133 477 883 558; baseline 0 -20"><span class='ocrx_word' id='word_1_10' title='bbox 133 481 201 558; x_wconf 87' lang='lat' dir='ltr'><strong>jam</strong></span> <span class='ocrx_word' id='word_1_11' title='bbox 216 479 381 539; x_wconf 89' lang='lat' dir='ltr'><strong>domitum:</strong></span> <span class='ocrx_word' id='word_1_12' title='bbox 404 485 521 539; x_wconf 88' lang='lat' dir='ltr'><strong>constat</strong></span> <span class='ocrx_word' id='word_1_13' title='bbox 535 477 642 539; x_wconf 87' lang='lat' dir='ltr'><strong>leviori</strong></span> <span class='ocrx_word' id='word_1_14' title='bbox 656 477 747 538; x_wconf 88' lang='lat' dir='ltr'><strong>belua</strong></span> <span class='ocrx_word' id='word_1_15' title='bbox 760 488 883 557; x_wconf 88' lang='lat' dir='ltr'><strong>sumptu</strong></span> 
     </span>
     <span class='ocr_line' id='line_1_4' title="bbox 129 590 836 671; baseline -0.003 -21"><span class='ocrx_word' id='word_1_16' title='bbox 129 592 285 665; x_wconf 91' lang='lat' dir='ltr'><strong>nimirum,</strong></span> <span class='ocrx_word' id='word_1_17' title='bbox 300 599 329 652; x_wconf 91' lang='lat' dir='ltr'><strong>et</strong></span> <span class='ocrx_word' id='word_1_18' title='bbox 344 591 469 670; x_wconf 90' lang='lat' dir='ltr'><strong>capiunt</strong></span> <span class='ocrx_word' id='word_1_19' title='bbox 483 590 552 669; x_wconf 93' lang='lat' dir='ltr'><strong>plus</strong></span> <span class='ocrx_word' id='word_1_20' title='bbox 566 590 709 651; x_wconf 87' lang='lat' dir='ltr'><strong>intestina</strong></span> <span class='ocrx_word' id='word_1_21' title='bbox 722 601 836 671; x_wconf 88' lang='lat' dir='ltr'><strong>poetae.</strong></span> 
     </span>
     <span class='ocr_line' id='line_1_5' title="bbox 128 702 808 783; baseline -0.001 -18"><span class='ocrx_word' id='word_1_22' title='bbox 128 714 287 766; x_wconf 89' lang='lat' dir='ltr'><strong>contentus</strong></span> <span class='ocrx_word' id='word_1_23' title='bbox 302 704 384 765; x_wconf 79' lang='lat' dir='ltr'><strong>fama</strong></span> <span class='ocrx_word' id='word_1_24' title='bbox 393 705 496 783; x_wconf 88' lang='lat' dir='ltr'><strong>jaceat</strong></span> <span class='ocrx_word' id='word_1_25' title='bbox 510 703 653 764; x_wconf 90' lang='lat' dir='ltr'><strong>Lucanus</strong></span> <span class='ocrx_word' id='word_1_26' title='bbox 666 703 698 762; x_wconf 92' lang='lat' dir='ltr'><strong>in</strong></span> <span class='ocrx_word' id='word_1_27' title='bbox 713 702 808 764; x_wconf 83' lang='lat' dir='ltr'><strong>hortis</strong></span> 
     </span>
     <span class='ocr_line' id='line_1_6' title="bbox 127 818 1090 898; baseline -0.001 -17"><span class='ocrx_word' id='word_1_28' title='bbox 127 820 320 893; x_wconf 88' lang='lat' dir='ltr'><strong>marmoreis余</strong></span> <span class='ocrx_word' id='word_1_29' title='bbox 342 828 374 880; x_wconf 89' lang='lat' dir='ltr'><strong>at</strong></span> <span class='ocrx_word' id='word_1_30' title='bbox 389 819 518 880; x_wconf 79' lang='lat' dir='ltr'><strong>Serrano</strong></span> <span class='ocrx_word' id='word_1_31' title='bbox 533 819 676 898; x_wconf 87' lang='lat' dir='ltr'><strong>tenuique</strong></span> <span class='ocrx_word' id='word_1_32' title='bbox 690 818 790 879; x_wconf 83' lang='lat' dir='ltr'><strong>Saleio</strong></span> <span class='ocrx_word' id='word_1_33' title='bbox 1051 821 1090 880; x_wconf 88' lang='lat'><strong>80</strong></span> 
     </span>
     <span class='ocr_line' id='line_1_7' title="bbox 126 931 962 1012; baseline 0.002 -20"><span class='ocrx_word' id='word_1_34' title='bbox 126 933 226 1012; x_wconf 86' lang='lat' dir='ltr'><strong>gloria</strong></span> <span class='ocrx_word' id='word_1_35' title='bbox 240 932 430 1012; x_wconf 87' lang='lat' dir='ltr'><strong>quantalibet</strong></span> <span class='ocrx_word' id='word_1_36' title='bbox 444 932 518 1012; x_wconf 92' lang='lat' dir='ltr'><strong>quid</strong></span> <span class='ocrx_word' id='word_1_37' title='bbox 532 932 597 1005; x_wconf 88' lang='lat' dir='ltr'><strong>erit,</strong></span> <span class='ocrx_word' id='word_1_38' title='bbox 612 932 637 992; x_wconf 92' lang='lat' dir='ltr'><strong>si</strong></span> <span class='ocrx_word' id='word_1_39' title='bbox 651 931 749 1010; x_wconf 90' lang='lat' dir='ltr'><strong>gloria</strong></span> <span class='ocrx_word' id='word_1_40' title='bbox 763 940 883 992; x_wconf 86' lang='lat' dir='ltr'><strong>tantum</strong></span> <span class='ocrx_word' id='word_1_41' title='bbox 897 933 962 994; x_wconf 83' lang='lat' dir='ltr'><strong>est?</strong></span> 
     </span>
     <span class='ocr_line' id='line_1_8' title="bbox 126 1045 921 1124; baseline 0 -18"><span class='ocrx_word' id='word_1_42' title='bbox 126 1046 260 1106; x_wconf 87' lang='lat' dir='ltr'><strong>curritur</strong></span> <span class='ocrx_word' id='word_1_43' title='bbox 275 1046 314 1105; x_wconf 88' lang='lat' dir='ltr'><strong>ad</strong></span> <span class='ocrx_word' id='word_1_44' title='bbox 330 1066 434 1107; x_wconf 87' lang='lat' dir='ltr'><strong>vocem</strong></span> <span class='ocrx_word' id='word_1_45' title='bbox 444 1046 613 1124; x_wconf 87' lang='lat' dir='ltr'><strong>jucundam</strong></span> <span class='ocrx_word' id='word_1_46' title='bbox 627 1053 657 1105; x_wconf 90' lang='lat' dir='ltr'><strong>et</strong></span> <span class='ocrx_word' id='word_1_47' title='bbox 671 1065 791 1108; x_wconf 80' lang='lat' dir='ltr'><strong>carmen</strong></span> <span class='ocrx_word' id='word_1_48' title='bbox 806 1045 921 1106; x_wconf 89' lang='lat' dir='ltr'><strong>amicae</strong></span> 
     </span>
     <span class='ocr_line' id='line_1_9' title="bbox 125 1156 850 1232; baseline 0 -14"><span class='ocrx_word' id='word_1_49' title='bbox 125 1158 306 1232; x_wconf 87' lang='lat' dir='ltr'><strong>Thebaidos,</strong></span> <span class='ocrx_word' id='word_1_50' title='bbox 318 1158 432 1219; x_wconf 89' lang='lat' dir='ltr'><strong>laetam</strong></span> <span class='ocrx_word' id='word_1_51' title='bbox 447 1179 516 1218; x_wconf 89' lang='lat' dir='ltr'><strong>cum</strong></span> <span class='ocrx_word' id='word_1_52' title='bbox 530 1158 603 1218; x_wconf 85' lang='lat' dir='ltr'><strong>fecit</strong></span> <span class='ocrx_word' id='word_1_53' title='bbox 616 1158 730 1219; x_wconf 77' lang='lat' dir='ltr'><strong>Statius</strong></span> <span class='ocrx_word' id='word_1_54' title='bbox 743 1156 850 1218; x_wconf 88' lang='lat' dir='ltr'><strong>urbem</strong></span> 
     </span>
     <span class='ocr_line' id='line_1_10' title="bbox 124 1247 836 1350; baseline 0 -20"><span class='ocrx_word' id='word_1_55' title='bbox 124 1271 324 1350; x_wconf 76' lang='lat' dir='ltr'><strong>promisitque</strong></span> <span class='ocrx_word' id='word_1_56' title='bbox 337 1270 435 1331; x_wconf 88' lang='lat' dir='ltr'><strong>diem:</strong></span> <span class='ocrx_word' id='word_1_57' title='bbox 457 1277 551 1330; x_wconf 87' lang='lat' dir='ltr'><strong>tanta</strong></span> <span class='ocrx_word' id='word_1_58' title='bbox 559 1247 719 1330; x_wconf 77' lang='lat' dir='ltr'><strong>tluloedine</strong></span> <span class='ocrx_word' id='word_1_59' title='bbox 733 1279 836 1349; x_wconf 80' lang='lat' dir='ltr'><strong>captos</strong></span> 
     </span>
     <span class='ocr_line' id='line_1_11' title="bbox 125 1381 1088 1462; baseline 0.003 -19"><span class='ocrx_word' id='word_1_60' title='bbox 125 1383 230 1443; x_wconf 87' lang='lat' dir='ltr'><strong>adficit</strong></span> <span class='ocrx_word' id='word_1_61' title='bbox 244 1382 297 1443; x_wconf 87' lang='lat' dir='ltr'><strong>ille</strong></span> <span class='ocrx_word' id='word_1_62' title='bbox 311 1382 436 1455; x_wconf 85' lang='lat' dir='ltr'><strong>animos,</strong></span> <span class='ocrx_word' id='word_1_63' title='bbox 451 1391 597 1462; x_wconf 85' lang='lat' dir='ltr'><strong>tantaque</strong></span> <span class='ocrx_word' id='word_1_64' title='bbox 611 1382 737 1443; x_wconf 90' lang='lat' dir='ltr'><strong>libidine</strong></span> <span class='ocrx_word' id='word_1_65' title='bbox 751 1381 835 1462; x_wconf 85' lang='lat' dir='ltr'><strong>volgi</strong></span> <span class='ocrx_word' id='word_1_66' title='bbox 1048 1386 1088 1446; x_wconf 88' lang='grc'><strong>85</strong></span> 
     </span>
     <span class='ocr_line' id='line_1_12' title="bbox 125 1496 799 1576; baseline -0.003 -17"><span class='ocrx_word' id='word_1_67' title='bbox 125 1499 267 1571; x_wconf 85' lang='lat' dir='ltr'><strong>auditur余</strong></span> <span class='ocrx_word' id='word_1_68' title='bbox 288 1498 340 1559; x_wconf 89' lang='lat' dir='ltr'><strong>sed</strong></span> <span class='ocrx_word' id='word_1_69' title='bbox 356 1518 425 1558; x_wconf 91' lang='lat' dir='ltr'><strong>cum</strong></span> <span class='ocrx_word' id='word_1_70' title='bbox 439 1498 530 1576; x_wconf 87' lang='lat' dir='ltr'><strong>fregit</strong></span> <span class='ocrx_word' id='word_1_71' title='bbox 544 1496 687 1558; x_wconf 89' lang='lat' dir='ltr'><strong>subsellia</strong></span> <span class='ocrx_word' id='word_1_72' title='bbox 700 1517 799 1571; x_wconf 83' lang='lat' dir='ltr'><strong>versu,</strong></span> 
     </span>
     <span class='ocr_line' id='line_1_13' title="bbox 125 1608 863 1688; baseline -0.001 -17"><span class='ocrx_word' id='word_1_73' title='bbox 125 1610 229 1683; x_wconf 87' lang='lat' dir='ltr'><strong>esurit,</strong></span> <span class='ocrx_word' id='word_1_74' title='bbox 244 1610 390 1670; x_wconf 81' lang='lat' dir='ltr'><strong>intactam</strong></span> <span class='ocrx_word' id='word_1_75' title='bbox 406 1609 512 1670; x_wconf 89' lang='lat' dir='ltr'><strong>Paridi</strong></span> <span class='ocrx_word' id='word_1_76' title='bbox 526 1608 584 1670; x_wconf 91' lang='lat' dir='ltr'><strong>nisi</strong></span> <span class='ocrx_word' id='word_1_77' title='bbox 598 1609 711 1672; x_wconf 86' lang='lat' dir='ltr'><strong>vendat</strong></span> <span class='ocrx_word' id='word_1_78' title='bbox 724 1608 863 1688; x_wconf 88' lang='lat' dir='ltr'><strong>Agaven.</strong></span> 
     </span>
     <span class='ocr_line' id='line_1_14' title="bbox 125 1722 785 1803; baseline 0.002 -20"><span class='ocrx_word' id='word_1_79' title='bbox 125 1724 180 1785; x_wconf 93' lang='lat' dir='ltr'><strong>ille</strong></span> <span class='ocrx_word' id='word_1_80' title='bbox 194 1733 224 1784; x_wconf 93' lang='lat' dir='ltr'><strong>et</strong></span> <span class='ocrx_word' id='word_1_81' title='bbox 237 1722 367 1783; x_wconf 88' lang='lat' dir='ltr'><strong>militiae</strong></span> <span class='ocrx_word' id='word_1_82' title='bbox 380 1722 485 1783; x_wconf 89' lang='lat' dir='ltr'><strong>multis</strong></span> <span class='ocrx_word' id='word_1_83' title='bbox 499 1723 627 1803; x_wconf 86' lang='lat' dir='ltr'><strong>largitus</strong></span> <span class='ocrx_word' id='word_1_84' title='bbox 641 1723 785 1785; x_wconf 86' lang='lat' dir='ltr'><strong>honorem</strong></span> 
     </span>
     <span class='ocr_line' id='line_1_15' title="bbox 125 1837 833 1916; baseline 0 -18"><span class='ocrx_word' id='word_1_85' title='bbox 125 1837 283 1898; x_wconf 79' lang='lat' dir='ltr'><strong>semenstri</strong></span> <span class='ocrx_word' id='word_1_86' title='bbox 297 1837 407 1916; x_wconf 84' lang='lat' dir='ltr'><strong>digitos</strong></span> <span class='ocrx_word' id='word_1_87' title='bbox 423 1845 530 1898; x_wconf 88' lang='lat' dir='ltr'><strong>vatum</strong></span> <span class='ocrx_word' id='word_1_88' title='bbox 545 1837 736 1916; x_wconf 87' lang='lat' dir='ltr'><strong>circumligat</strong></span> <span class='ocrx_word' id='word_1_89' title='bbox 750 1857 833 1899; x_wconf 90' lang='lat' dir='ltr'><strong>auro.</strong></span> 
     </span>
    </p>
   </div>
   <div class='ocr_carea' id='block_1_3' title="bbox 126 1950 1086 2032">
    <p class='ocr_par' dir='ltr' id='par_1_3' title="bbox 126 1950 1086 2032">
     <span class='ocr_line' id='line_1_16' title="bbox 126 1950 1086 2032; baseline 0.001 -20"><span class='ocrx_word' id='word_1_90' title='bbox 126 1952 207 2032; x_wconf 92' lang='lat' dir='ltr'><strong>quod</strong></span> <span class='ocrx_word' id='word_1_91' title='bbox 222 1968 283 2012; x_wconf 90' lang='lat' dir='ltr'><strong>non</strong></span> <span class='ocrx_word' id='word_1_92' title='bbox 298 1951 373 2012; x_wconf 88' lang='lat' dir='ltr'><strong>dant</strong></span> <span class='ocrx_word' id='word_1_93' title='bbox 387 1972 533 2031; x_wconf 84' lang='lat' dir='ltr'><strong>proceres,</strong></span> <span class='ocrx_word' id='word_1_94' title='bbox 548 1951 634 2012; x_wconf 89' lang='lat' dir='ltr'><strong>dabit</strong></span> <span class='ocrx_word' id='word_1_95' title='bbox 648 1952 762 2012; x_wconf 88' lang='lat' dir='ltr'><strong>histrio.</strong></span> <span class='ocrx_word' id='word_1_96' title='bbox 804 1961 838 2012; x_wconf 89' lang='lat' dir='ltr'><strong>tu</strong></span> <span class='ocrx_word' id='word_1_97' title='bbox 853 1950 1026 2012; x_wconf 83' lang='lat' dir='ltr'><strong>Camerinos</strong></span> <span class='ocrx_word' id='word_1_98' title='bbox 1047 1953 1086 2014; x_wconf 89' lang='grc'><strong>90</strong></span> 
     </span>
    </p>
   </div>
   <div class='ocr_carea' id='block_1_4' title="bbox 124 2064 1085 3500">
    <p class='ocr_par' dir='ltr' id='par_1_4' title="bbox 124 2064 1085 3500">
     <span class='ocr_line' id='line_1_17' title="bbox 126 2064 860 2144; baseline 0 -19"><span class='ocrx_word' id='word_1_99' title='bbox 126 2073 156 2125; x_wconf 90' lang='lat' dir='ltr'><strong>et</strong></span> <span class='ocrx_word' id='word_1_100' title='bbox 171 2064 311 2137; x_wconf 86' lang='lat' dir='ltr'><strong>Baream,</strong></span> <span class='ocrx_word' id='word_1_101' title='bbox 325 2072 359 2124; x_wconf 92' lang='lat' dir='ltr'><strong>tu</strong></span> <span class='ocrx_word' id='word_1_102' title='bbox 374 2064 522 2124; x_wconf 87' lang='lat' dir='ltr'><strong>nobilium</strong></span> <span class='ocrx_word' id='word_1_103' title='bbox 536 2085 648 2144; x_wconf 89' lang='lat' dir='ltr'><strong>magna</strong></span> <span class='ocrx_word' id='word_1_104' title='bbox 662 2065 739 2124; x_wconf 91' lang='lat' dir='ltr'><strong>atria</strong></span> <span class='ocrx_word' id='word_1_105' title='bbox 754 2066 860 2126; x_wconf 81' lang='lat' dir='ltr'><strong>curas?</strong></span> 
     </span>
     <span class='ocr_line' id='line_1_18' title="bbox 125 2177 879 2258; baseline 0 -20"><span class='ocrx_word' id='word_1_106' title='bbox 125 2177 292 2258; x_wconf 84' lang='lat' dir='ltr'><strong>praefectos</strong></span> <span class='ocrx_word' id='word_1_107' title='bbox 307 2177 439 2257; x_wconf 84' lang='lat' dir='ltr'><strong>Pelopea</strong></span> <span class='ocrx_word' id='word_1_108' title='bbox 453 2178 536 2252; x_wconf 84' lang='lat' dir='ltr'><strong>facit,</strong></span> <span class='ocrx_word' id='word_1_109' title='bbox 550 2178 721 2239; x_wconf 90' lang='lat' dir='ltr'><strong>Philomela</strong></span> <span class='ocrx_word' id='word_1_110' title='bbox 735 2178 879 2239; x_wconf 84' lang='lat' dir='ltr'><strong>tribunos</strong></span> 
     </span>
     <span class='ocr_line' id='line_1_19' title="bbox 125 2291 944 2372; baseline 0.001 -20"><span class='ocrx_word' id='word_1_111' title='bbox 125 2293 202 2353; x_wconf 89' lang='lat' dir='ltr'><strong>haut</strong></span> <span class='ocrx_word' id='word_1_112' title='bbox 215 2301 318 2352; x_wconf 88' lang='lat' dir='ltr'><strong>tamen</strong></span> <span class='ocrx_word' id='word_1_113' title='bbox 332 2291 469 2354; x_wconf 89' lang='lat' dir='ltr'><strong>invideas</strong></span> <span class='ocrx_word' id='word_1_114' title='bbox 484 2293 557 2366; x_wconf 88' lang='lat' dir='ltr'><strong>vati,</strong></span> <span class='ocrx_word' id='word_1_115' title='bbox 572 2313 661 2372; x_wconf 90' lang='lat' dir='ltr'><strong>quem</strong></span> <span class='ocrx_word' id='word_1_116' title='bbox 675 2291 795 2371; x_wconf 86' lang='lat' dir='ltr'><strong>pulpita</strong></span> <span class='ocrx_word' id='word_1_117' title='bbox 809 2301 944 2370; x_wconf 88' lang='lat' dir='ltr'><strong>pascunt.</strong></span> 
     </span>
     <span class='ocr_line' id='line_1_20' title="bbox 126 2404 952 2485; baseline 0 -20"><span class='ocrx_word' id='word_1_118' title='bbox 126 2406 192 2485; x_wconf 91' lang='lat' dir='ltr'><strong>quis</strong></span> <span class='ocrx_word' id='word_1_119' title='bbox 208 2405 265 2466; x_wconf 93' lang='lat' dir='ltr'><strong>tibi</strong></span> <span class='ocrx_word' id='word_1_120' title='bbox 279 2404 449 2478; x_wconf 87' lang='lat' dir='ltr'><strong>Maecenas,</strong></span> <span class='ocrx_word' id='word_1_121' title='bbox 464 2405 530 2485; x_wconf 90' lang='lat' dir='ltr'><strong>quis</strong></span> <span class='ocrx_word' id='word_1_122' title='bbox 544 2425 625 2465; x_wconf 91' lang='lat' dir='ltr'><strong>nunc</strong></span> <span class='ocrx_word' id='word_1_123' title='bbox 639 2404 697 2466; x_wconf 87' lang='lat' dir='ltr'><strong>erit</strong></span> <span class='ocrx_word' id='word_1_124' title='bbox 710 2413 764 2465; x_wconf 88' lang='lat' dir='ltr'><strong>aut</strong></span> <span class='ocrx_word' id='word_1_125' title='bbox 778 2404 952 2465; x_wconf 91' lang='lat' dir='ltr'><strong>Proculeius</strong></span> 
     </span>
     <span class='ocr_line' id='line_1_21' title="bbox 125 2517 1085 2597; baseline 0.002 -18"><span class='ocrx_word' id='word_1_126' title='bbox 125 2527 179 2579; x_wconf 86' lang='lat' dir='ltr'><strong>aut</strong></span> <span class='ocrx_word' id='word_1_127' title='bbox 193 2517 318 2591; x_wconf 86' lang='lat' dir='ltr'><strong>Fabius,</strong></span> <span class='ocrx_word' id='word_1_128' title='bbox 333 2518 400 2597; x_wconf 88' lang='lat' dir='ltr'><strong>quis</strong></span> <span class='ocrx_word' id='word_1_129' title='bbox 414 2517 504 2579; x_wconf 80' lang='lat' dir='ltr'><strong>Cotta</strong></span> <span class='ocrx_word' id='word_1_130' title='bbox 517 2518 636 2591; x_wconf 88' lang='lat' dir='ltr'><strong>iterum,</strong></span> <span class='ocrx_word' id='word_1_131' title='bbox 651 2519 718 2597; x_wconf 89' lang='lat' dir='ltr'><strong>quis</strong></span> <span class='ocrx_word' id='word_1_132' title='bbox 732 2517 881 2579; x_wconf 89' lang='lat' dir='ltr'><strong>Lentulus</strong></span> <span class='ocrx_word' id='word_1_133' title='bbox 894 2519 992 2580; x_wconf 81' lang='lat' dir='ltr'><strong>alter?</strong></span> <span class='ocrx_word' id='word_1_134' title='bbox 1047 2523 1085 2581; x_wconf 80' lang='grc'><strong>95</strong></span> 
     </span>
     <span class='ocr_line' id='line_1_22' title="bbox 125 2630 867 2710; baseline 0 -20"><span class='ocrx_word' id='word_1_135' title='bbox 125 2639 198 2690; x_wconf 91' lang='lat' dir='ltr'><strong>tunc</strong></span> <span class='ocrx_word' id='word_1_136' title='bbox 213 2651 270 2710; x_wconf 90' lang='lat' dir='ltr'><strong>par</strong></span> <span class='ocrx_word' id='word_1_137' title='bbox 283 2630 404 2710; x_wconf 87' lang='lat' dir='ltr'><strong>ingenio</strong></span> <span class='ocrx_word' id='word_1_138' title='bbox 418 2630 566 2710; x_wconf 89' lang='lat' dir='ltr'><strong>pretium余</strong></span> <span class='ocrx_word' id='word_1_139' title='bbox 587 2640 660 2691; x_wconf 87' lang='lat' dir='ltr'><strong>tunc</strong></span> <span class='ocrx_word' id='word_1_140' title='bbox 674 2631 750 2691; x_wconf 88' lang='lat' dir='ltr'><strong>utile</strong></span> <span class='ocrx_word' id='word_1_141' title='bbox 763 2630 867 2691; x_wconf 88' lang='lat' dir='ltr'><strong>multis</strong></span> 
     </span>
     <span class='ocr_line' id='line_1_23' title="bbox 125 2740 795 2820; baseline -0.001 -18"><span class='ocrx_word' id='word_1_142' title='bbox 125 2741 241 2820; x_wconf 90' lang='lat' dir='ltr'><strong>pallere</strong></span> <span class='ocrx_word' id='word_1_143' title='bbox 255 2748 284 2800; x_wconf 90' lang='lat' dir='ltr'><strong>et</strong></span> <span class='ocrx_word' id='word_1_144' title='bbox 298 2741 404 2803; x_wconf 85' lang='lat' dir='ltr'><strong>vinum</strong></span> <span class='ocrx_word' id='word_1_145' title='bbox 419 2749 482 2801; x_wconf 87' lang='lat' dir='ltr'><strong>toto</strong></span> <span class='ocrx_word' id='word_1_146' title='bbox 497 2741 610 2801; x_wconf 88' lang='lat' dir='ltr'><strong>nescire</strong></span> <span class='ocrx_word' id='word_1_147' title='bbox 625 2740 795 2802; x_wconf 87' lang='lat' dir='ltr'><strong>Decembri.</strong></span> 
     </span>
     <span class='ocr_line' id='line_1_24' title="bbox 165 2853 868 2932; baseline -0.001 -17"><span class='ocrx_word' id='word_1_148' title='bbox 165 2853 275 2915; x_wconf 86' lang='lat' dir='ltr'><strong>Vester</strong></span> <span class='ocrx_word' id='word_1_149' title='bbox 289 2874 379 2932; x_wconf 93' lang='lat' dir='ltr'><strong>porro</strong></span> <span class='ocrx_word' id='word_1_150' title='bbox 395 2853 482 2914; x_wconf 91' lang='lat' dir='ltr'><strong>labor</strong></span> <span class='ocrx_word' id='word_1_151' title='bbox 495 2854 660 2926; x_wconf 86' lang='lat' dir='ltr'><strong>fecundior,</strong></span> <span class='ocrx_word' id='word_1_152' title='bbox 675 2853 868 2915; x_wconf 87' lang='lat' dir='ltr'><strong>historiarum</strong></span> 
     </span>
     <span class='ocr_line' id='line_1_25' title="bbox 124 2967 977 3048; baseline 0.002 -20"><span class='ocrx_word' id='word_1_153' title='bbox 124 2967 305 3045; x_wconf 84' lang='lat' dir='ltr'><strong>scriptores?</strong></span> <span class='ocrx_word' id='word_1_154' title='bbox 326 2967 403 3045; x_wconf 87' lang='lat' dir='ltr'><strong>petit</strong></span> <span class='ocrx_word' id='word_1_155' title='bbox 416 2967 466 3027; x_wconf 90' lang='lat' dir='ltr'><strong>bic</strong></span> <span class='ocrx_word' id='word_1_156' title='bbox 480 2967 549 3046; x_wconf 92' lang='lat' dir='ltr'><strong>plus</strong></span> <span class='ocrx_word' id='word_1_157' title='bbox 566 2968 709 3048; x_wconf 88' lang='lat' dir='ltr'><strong>temporis</strong></span> <span class='ocrx_word' id='word_1_158' title='bbox 723 2977 814 3048; x_wconf 89' lang='lat' dir='ltr'><strong>atque</strong></span> <span class='ocrx_word' id='word_1_159' title='bbox 828 2968 887 3030; x_wconf 90' lang='lat' dir='ltr'><strong>olei</strong></span> <span class='ocrx_word' id='word_1_160' title='bbox 900 2970 977 3048; x_wconf 89' lang='lat' dir='ltr'><strong>plus.</strong></span> 
     </span>
     <span class='ocr_line' id='line_1_26' title="bbox 125 3078 1085 3160; baseline 0.004 -21"><span class='ocrx_word' id='word_1_161' title='bbox 125 3079 211 3139; x_wconf 90' lang='lat' dir='ltr'><strong>nullo</strong></span> <span class='ocrx_word' id='word_1_162' title='bbox 231 3078 344 3158; x_wconf 89' lang='lat' dir='ltr'><strong>quippe</strong></span> <span class='ocrx_word' id='word_1_163' title='bbox 358 3080 446 3140; x_wconf 89' lang='lat' dir='ltr'><strong>modo</strong></span> <span class='ocrx_word' id='word_1_164' title='bbox 461 3080 643 3140; x_wconf 89' lang='lat' dir='ltr'><strong>millensima</strong></span> <span class='ocrx_word' id='word_1_165' title='bbox 656 3081 769 3160; x_wconf 86' lang='lat' dir='ltr'><strong>pagina</strong></span> <span class='ocrx_word' id='word_1_166' title='bbox 783 3082 880 3160; x_wconf 88' lang='lat' dir='ltr'><strong>surgit</strong></span> <span class='ocrx_word' id='word_1_167' title='bbox 1029 3083 1085 3144; x_wconf 85' lang='lat'><strong>100</strong></span> 
     </span>
     <span class='ocr_line' id='line_1_27' title="bbox 125 3191 845 3273; baseline 0 -21"><span class='ocrx_word' id='word_1_168' title='bbox 125 3191 265 3252; x_wconf 91' lang='lat' dir='ltr'><strong>omnibus</strong></span> <span class='ocrx_word' id='word_1_169' title='bbox 279 3201 310 3252; x_wconf 88' lang='lat' dir='ltr'><strong>et</strong></span> <span class='ocrx_word' id='word_1_170' title='bbox 324 3193 429 3253; x_wconf 89' lang='lat' dir='ltr'><strong>crescit</strong></span> <span class='ocrx_word' id='word_1_171' title='bbox 442 3193 540 3254; x_wconf 90' lang='lat' dir='ltr'><strong>multa</strong></span> <span class='ocrx_word' id='word_1_172' title='bbox 554 3194 699 3255; x_wconf 89' lang='lat' dir='ltr'><strong>damnosa</strong></span> <span class='ocrx_word' id='word_1_173' title='bbox 712 3214 845 3273; x_wconf 88' lang='lat' dir='ltr'><strong>papyro余</strong></span> 
     </span>
     <span class='ocr_line' id='line_1_28' title="bbox 125 3306 970 3386; baseline 0.001 -20"><span class='ocrx_word' id='word_1_174' title='bbox 125 3306 167 3366; x_wconf 91' lang='lat' dir='ltr'><strong>sic</strong></span> <span class='ocrx_word' id='word_1_175' title='bbox 181 3306 287 3385; x_wconf 85' lang='lat' dir='ltr'><strong>ingens</strong></span> <span class='ocrx_word' id='word_1_176' title='bbox 301 3327 401 3378; x_wconf 85' lang='lat' dir='ltr'><strong>rerum</strong></span> <span class='ocrx_word' id='word_1_177' title='bbox 415 3327 557 3367; x_wconf 88' lang='lat' dir='ltr'><strong>numerus</strong></span> <span class='ocrx_word' id='word_1_178' title='bbox 567 3306 655 3385; x_wconf 88' lang='lat' dir='ltr'><strong>jubet</strong></span> <span class='ocrx_word' id='word_1_179' title='bbox 668 3316 759 3386; x_wconf 88' lang='lat' dir='ltr'><strong>atque</strong></span> <span class='ocrx_word' id='word_1_180' title='bbox 773 3327 897 3386; x_wconf 89' lang='lat' dir='ltr'><strong>operum</strong></span> <span class='ocrx_word' id='word_1_181' title='bbox 911 3307 970 3368; x_wconf 87' lang='lat' dir='ltr'><strong>lex.</strong></span> 
     </span>
     <span class='ocr_line' id='line_1_29' title="bbox 125 3420 985 3500; baseline 0.003 -22"><span class='ocrx_word' id='word_1_182' title='bbox 125 3440 203 3499; x_wconf 89' lang='lat' dir='ltr'><strong>quae</strong></span> <span class='ocrx_word' id='word_1_183' title='bbox 218 3428 319 3480; x_wconf 86' lang='lat' dir='ltr'><strong>tamen</strong></span> <span class='ocrx_word' id='word_1_184' title='bbox 333 3420 404 3480; x_wconf 90' lang='lat' dir='ltr'><strong>inde</strong></span> <span class='ocrx_word' id='word_1_185' title='bbox 417 3441 507 3500; x_wconf 89' lang='lat' dir='ltr'><strong>seges,</strong></span> <span class='ocrx_word' id='word_1_186' title='bbox 521 3429 619 3482; x_wconf 88' lang='lat' dir='ltr'><strong>tarrae</strong></span> <span class='ocrx_word' id='word_1_187' title='bbox 632 3421 699 3500; x_wconf 91' lang='lat' dir='ltr'><strong>quis</strong></span> <span class='ocrx_word' id='word_1_188' title='bbox 713 3420 829 3480; x_wconf 86' lang='lat' dir='ltr'><strong>fructus</strong></span> <span class='ocrx_word' id='word_1_189' title='bbox 843 3422 985 3499; x_wconf 81' lang='lat' dir='ltr'><strong>apertae?</strong></span> 
     </span>
    </p>
   </div>
   <div class='ocr_carea' id='block_1_5' title="bbox 0 0 1272 3806">
    <p class='ocr_par' dir='ltr' id='par_1_5' title="bbox 0 0 1272 3806">
     <span class='ocr_line' id='line_1_30' title="bbox 0 0 1272 3806; baseline 0 0"><span class='ocrx_word' id='word_1_190' title='bbox 0 0 1272 3806; x_wconf 95' lang='lat' dir='ltr'><strong> </strong></span> 
     </span>
    </p>
   </div>
  </div>
 </body>
</html>
