2516 3806
177 245 239 309 102
422 263 601 311 n.1vnrr
630 267 878 314 1vvnnnn1s

215 417 299 478 Inter
312 417 455 479 finitimos
468 429 555 482 vetus
569 430 660 501 atque
674 422 801 503 antiqua
815 423 962 499 simultas,

174 529 334 590 inmortale
346 530 450 590 odium
465 540 495 592 et
508 551 674 612 numquam
689 534 825 594 sanabile
839 535 952 596 vulnus

175 645 261 706 ardet
274 643 384 716 adhuc,
400 643 513 704 Ombos
528 654 558 706 et
572 645 714 725 Tentyra.
756 668 891 709 summus
906 649 1059 730 utrimque
1091 650 1125 710 35

174 756 245 817 inde
258 755 343 817 furor
356 755 458 835 vulgo,
473 757 553 836 quod
568 758 694 819 numina
708 759 877 822 vicinorum

174 869 239 930 odit
252 877 378 948 uterque
391 869 483 943 locus,
499 891 568 930 cum
583 872 660 934 solos
674 872 777 934 credat
791 873 944 936 habendos

174 997 236 1039 asse
248 978 327 1050 deos,
342 999 415 1058 quos
429 979 493 1059 ipse
507 982 587 1042 colit.
631 991 675 1044 set
688 992 823 1064 tempore
837 985 910 1046 festo

174 1090 298 1151 alterius
312 1091 418 1170 populi
433 1093 578 1172 rapienda
593 1095 708 1156 occasio
723 1098 838 1158 cunctis
892 1089 899 1110 '

175 1205 240 1267 visa
253 1205 445 1266 inimicorum
462 1208 644 1287 primoribus
658 1230 694 1271 ac
708 1210 844 1285 ducibus,
858 1233 897 1272 ne
1088 1211 1122 1270 40

175 1319 288 1379 laetum
304 1318 491 1400 hilaremque
507 1321 596 1395 diem,
610 1342 648 1382 ne
661 1343 790 1402 magnae
803 1323 915 1403 gaudia
929 1344 1021 1386 cenae

174 1432 327 1506 sentirent,
341 1433 445 1512 positis
461 1435 500 1495 ad
514 1435 629 1516 templa
642 1444 672 1496 et
685 1437 818 1516 compita
832 1436 940 1497 mansis

174 1548 375 1628 pervigilique
388 1556 463 1622 toro,
478 1571 566 1630 quem
580 1559 668 1616 nocta
682 1572 717 1613 ac
731 1551 799 1612 luce
814 1553 965 1633 jacentem

174 1661 485 1742 septimus‘interdum
499 1662 543 1723 sol
560 1664 684 1726 invenit.
727 1664 865 1739 (horrida
878 1685 950 1728 sane

175 1780 340 1861 Aegyptos,
354 1780 405 1841 sed
420 1779 553 1852 luxuria,
569 1788 715 1861 quantum
731 1778 794 1857 ipse
806 1778 920 1851 notavi,
1087 1777 1121 1837 45

174 1893 305 1955 barbara
319 1893 432 1954 famoso
446 1913 506 1954 non
522 1891 601 1952 cedit
614 1891 705 1953 turba
718 1890 866 1970 Canopo.)

175 2009 254 2071 adde
267 2008 348 2090 quod
362 2023 392 2070 et
407 2006 504 2068 facilis
519 2006 646 2068 victoria
660 2006 698 2066 de
712 2005 841 2066 madidis
855 2013 885 2066 et

174 2122 282 2184 blaesis
296 2125 387 2207 atque
401 2143 484 2185 mero
497 2119 707 2182 titubantibus.
749 2119 820 2180 inde
833 2120 970 2182 virorum

174 2236 301 2301 saltatus
314 2239 401 2317 nigro
415 2235 546 2308 tibicine,
561 2234 794 2315 qualiacumque

174 2361 329 2430 unguenta
343 2360 373 2414 et
386 2350 474 2414 flores
489 2349 662 2430 multaeque
677 2349 708 2408 in
723 2348 822 2410 fronte
836 2367 982 2421 coronaa;
1091 2349 1127 2410 50

173 2465 244 2526 hinc
261 2466 400 2546 jejunum
414 2465 526 2526 odium.
568 2463 619 2523 sed
636 2463 739 2542 jurgia
752 2463 852 2542 prima
864 2481 970 2524 sonare

173 2577 323 2658 incipiunt
337 2578 446 2642 animis
460 2575 644 2650 ardentibus,
659 2575 733 2636 haec
747 2575 822 2645 tuba
836 2575 929 2636 rixae.

173 2691 243 2752 dein
258 2691 388 2772 clamore
402 2692 469 2770 pari
484 2690 682 2763 concurritur,
698 2698 727 2753 at
741 2689 808 2752 vice
821 2689 874 2750 teli

173 2804 269 2867 saevit
282 2804 366 2864 nuda
379 2824 494 2867 manus.
537 2823 652 2884 paucae
665 2802 729 2862 sine
743 2801 868 2863 vulnere
882 2800 989 2874 malae,

174 2915 228 2976 vix
242 2915 383 2995 cuiquam
398 2923 452 2978 aut
467 2915 546 2976 nulli
559 2923 622 2975 toto
637 2913 800 2974 certamine
813 2933 903 2974 nasus
1092 2913 1128 2973 55

174 3026 306 3105 integer;
327 3025 472 3105 aspiceres
489 3026 555 3105 jam
570 3033 679 3085 cuncta
693 3045 748 3104 par
760 3023 883 3104 agmina
896 3022 1001 3087 vultus

173 3135 322 3209 dimidios,
337 3135 413 3198 alias
426 3136 517 3199 facies
531 3144 561 3196 et
574 3135 692 3198 hiantia
706 3136 803 3214 ruptis

174 3269 239 3312 ossa
253 3248 345 3328 genis,
360 3249 463 3329 plenos
478 3249 634 3310 oculorum
648 3248 793 3327 sanguine
807 3267 932 3328 pugnos.

174 3361 280 3420 ludere
294 3380 326 3420 sa
340 3359 468 3420 credunt
482 3360 539 3437 ipsi
555 3369 656 3420 tamen
670 3368 700 3419 et
714 3359 843 3438 pueriles

175 3487 314 3528 exercere
327 3468 414 3541 acies,
429 3468 510 3546 quod
524 3467 611 3528 nulla
627 3468 777 3531 cadavera
791 3469 925 3530 calcent:
1095 3471 1131 3532 60

151 3577 155 3583 .
1003 3569 1018 3590 ,
