2536 3806
180 210 223 273 80
424 225 602 272 D.1VN11
631 223 878 271 1vvnnAL1s

609 460 705 522 XIII.

178 609 330 689 Exemplo
345 609 554 689 quodcumque
569 609 649 668 malo
664 608 872 682 committitur,
887 607 946 688 ipsi

178 721 317 799 displicet
331 719 455 780 auctori.
499 719 599 798 prima
613 727 656 778 est
670 718 744 778 haee
759 717 844 791 ulti0,
859 718 940 797 quod
953 738 985 778 se

181 837 285 917 judice
299 857 386 897 nemo
400 857 509 896 nocens
524 835 700 908 absolvitur,
716 833 855 913 improba
870 833 1010 914 quamvis

177 951 276 1028 gratia
290 950 394 1010 fallaci
408 949 554 1028 praetoris
569 949 676 1010 vicerit
690 969 776 1008 urna.

178 1064 251 1142 quid
265 1064 375 1124 sentire
388 1074 477 1143 putas
492 1083 602 1133 omnes,
618 1061 754 1135 Calvina,
769 1061 883 1123 recenti

178 1177 215 1238 de
229 1176 339 1237 scelere
353 1187 382 1238 et
396 1176 466 1237 fidei
480 1177 612 1238 violatae
626 1176 774 1236 erimine?
794 1175 845 1236 sed
861 1195 915 1236 neo

177 1299 239 1350 tam
255 1290 353 1350 tenuis
368 1310 473 1350 census
488 1289 542 1350 tibi
559 1290 694 1368 contigit,
710 1298 744 1349 ut
759 1289 916 1350 mediocris

180 1403 320 1482 jacturae
334 1412 364 1463 te
377 1412 494 1482 mergat
509 1423 591 1475 onus,
606 1422 661 1462 neo
675 1422 745 1462 rara
758 1402 897 1463 videmus

177 1538 255 1597 quae
269 1517 398 1597 pateris;
419 1537 504 1577 casus
519 1517 622 1577 multis
637 1517 687 1578 hio
701 1517 838 1596 cognitus
852 1537 888 1577 ao
904 1517 969 1597 jam

177 1629 267 1691 tritus
282 1638 312 1689 et
325 1649 342 1689 e
356 1629 454 1689 medio
469 1628 608 1688 fortunae
622 1628 730 1688 ductus
744 1649 861 1692 acervo.
1100 1628 1140 1690 10

177 1765 325 1824 ponamus
338 1745 446 1804 nimios
461 1744 606 1822 gemitus:
628 1743 806 1822 flagrantior
819 1764 914 1824 aequo

176 1880 237 1919 non
253 1858 341 1920 debet
355 1857 442 1918 dolor
457 1877 518 1918 esse
532 1857 599 1930 viri,
615 1877 669 1917 neo
683 1856 809 1918 vulnere
823 1860 927 1937 major.

176 1983 210 2033 tu
226 1973 364 2053 quamvis
378 1972 492 2034 levium
509 1972 665 2031 minimam
681 1972 882 2052 exiguamque
896 1971 1047 2032 malorum

176 2089 358 2168 particulam
373 2089 427 2151 vix
442 2088 520 2148 ferre
534 2098 626 2167 potes,
642 2088 852 2166 spumantibus
866 2087 974 2148 ardens

176 2199 348 2272 visceribus,
364 2219 482 2259 sacrum
500 2198 554 2258 tibi
570 2198 650 2277 quod
664 2218 724 2258 non
740 2198 846 2258 reddat
859 2197 974 2259 amicus
1096 2199 1134 2258 15

176 2311 353 2391 depositum.
396 2320 497 2390 stupet
511 2312 594 2384 haee,
610 2311 661 2390 qui
679 2312 744 2390 jam
760 2321 827 2390 post
841 2319 925 2389 terga
939 2309 1064 2391 reliquit

176 2425 335 2502 sexaginta
349 2445 452 2497 annos,
468 2424 595 2485 Fonteio
609 2424 730 2486 consule
745 2425 855 2484 natus?

175 2557 216 2596 an
230 2536 308 2596 nihil
322 2537 355 2596 in
369 2537 477 2596 melius
492 2546 536 2598 tot
551 2557 652 2596 rerum
668 2537 787 2616 profioit
802 2537 893 2597 usus?

101 2646 102 2650 ’
176 2669 288 2728 magna
302 2649 433 2728 quidem,
448 2650 539 2710 sacris
554 2670 631 2729 quae
646 2649 699 2710 dat
714 2658 874 2728 praesepta
892 2647 1012 2724 libellis,

176 2762 288 2823 victrix
302 2762 441 2822 fortunae
455 2762 618 2841 sapientia;
641 2761 778 2822 ducimus
792 2770 893 2822 autem
1096 2762 1134 2823 20

176 2875 230 2934 hos
245 2895 363 2954 quoque
377 2875 486 2947 felices,
502 2875 554 2954 qui
570 2875 647 2934 ferre
661 2873 852 2935 incommoda
866 2873 948 2935 vitae

176 3008 231 3048 neo
247 2988 364 3068 jactare
380 2989 490 3068 jugum
504 2989 569 3048 vita
583 2987 714 3048 didicere
729 2988 883 3067 magistra.

156 3143 163 3152 -
178 3121 254 3180 quae
268 3109 331 3160 tam
346 3101 421 3160 festa
436 3101 507 3174 dies,
522 3109 556 3160 ut
571 3111 662 3162 cesset
677 3101 803 3180 prodere
817 3101 923 3173 furem,

178 3215 344 3296 perfidiam,
358 3215 487 3288 fraudes,
503 3224 593 3295 atque
607 3215 689 3276 omni
704 3235 741 3276 ex
757 3215 881 3276 crimine
895 3215 1014 3276 luorum

178 3325 356 3405 quaesitum,
371 3333 401 3385 et
415 3335 516 3403 partos
530 3327 632 3404 gladio
647 3327 695 3388 vel
711 3328 825 3406 puxide
840 3327 1000 3387 nummos?
1096 3329 1134 3388 25

178 3425 241 3499 rari
255 3438 367 3518 quippe
381 3437 469 3509 boni;
490 3457 614 3499 numero
628 3440 683 3500 vix
697 3447 768 3500 sunt
781 3439 907 3500 totidem
921 3446 995 3518 quot
