2536 3806
170 222 211 284 58
417 234 593 282 arvum
622 233 869 282 1vvnnnn1s

168 393 248 472 finge
262 401 363 452 tamen
378 390 495 469 gladios
509 390 580 449 inde
594 399 685 469 atque
699 389 906 470 hinc‘pulpita'
920 389 1002 469 poni,
1071 389 1129 450 195

169 507 243 586 quid
256 505 371 582 satius?
391 513 519 563 mortem
533 504 576 563 sic
590 503 750 584 quisquam
765 503 931 576 exhorruit,
946 511 982 563 ut
995 503 1035 563 sit

169 620 322 700 zelotypus
337 619 506 699 Thymeles,
520 619 634 699 stupidi
649 620 765 698 collega
780 619 940 680 Corinthi?

169 756 215 796 res
229 735 305 794 haut
319 735 396 796 mira
410 745 511 795 tamen
528 734 701 794 citharoedo
716 734 853 813 principe
868 733 977 793 mimus
1092 762 1094 772 ⁴

169 848 286 908 nobilis.
329 847 403 908 haec
417 847 499 907 ultra
514 846 587 927 quid
602 847 659 906 erit
673 846 730 906 nisi
746 846 857 906 ludus?
877 855 907 905 et
922 845 988 905 illic

169 960 296 1022 dedecus
311 961 394 1020 urbis
408 960 509 1033 habes,
525 979 580 1019 nec
595 958 796 1038 myrmillonis
811 958 842 1016 in
858 957 958 1030 armis,
1070 959 1128 1019 200

169 1091 224 1131 nec
238 1071 333 1150 clipeo
349 1069 523 1132 Gracchum
538 1079 724 1150 pugnantem
739 1079 793 1130 aut
807 1069 885 1130 falce
898 1069 1016 1148 supina.

169 1185 295 1245 damnat
308 1185 389 1245 enim
404 1185 478 1245 tales
494 1185 624 1257 habitus,
641 1194 670 1245 et
685 1185 811 1245 damnat
825 1194 856 1244 et
870 1184 943 1257 odit,

169 1318 224 1357 nec
238 1296 325 1377 galea
339 1298 447 1358 faciem
462 1297 626 1359 abscondit.
669 1304 771 1360 mouet
783 1317 852 1358 ecce
866 1297 1038 1370 tridentem,

169 1419 328 1490 postquam
342 1411 463 1472 vibrata
476 1411 639 1491 pendentia
654 1411 730 1472 retia
745 1412 854 1472 dextra

170 1523 352 1602 nequiquam
368 1523 482 1596 effudit,
496 1522 613 1582 nudum
628 1523 667 1583 ad
682 1523 855 1602 spectacula
869 1521 988 1584 voltum
1072 1523 1129 1582 205

170 1636 267 1715 erigit,
282 1645 311 1696 et
325 1645 389 1696 tota
403 1636 482 1716 fugit
497 1638 703 1716 agnoscendus
717 1638 839 1698 harena.

171 1750 327 1810 credamus
341 1749 469 1821 tunicae,
484 1749 522 1808 de
537 1749 674 1810 faucibus
688 1771 780 1810 aurea
795 1769 909 1810 cumae

170 1863 306 1942 porrigat
320 1870 350 1923 et
363 1860 453 1940 longo
470 1862 604 1941 jactetur
617 1864 700 1942 epira
713 1863 839 1942 galero?

170 1997 241 2056 ergo
256 1975 452 2055 ignominiam
467 1974 637 2054 graviorem
653 1975 779 2055 pertulit
793 1974 875 2036 omni

170 2090 297 2152 vulnere
311 2109 380 2149 cum
395 2087 534 2148 Graccho
550 2089 651 2168 jussus
665 2109 802 2168 pugnare
815 2096 941 2149 secutor.
1072 2087 1130 2148 210

211 2198 324 2260 Libera
337 2198 363 2260 si
376 2194 487 2259 dentur
500 2199 613 2278 populo
628 2199 781 2279 suffragia,
796 2199 863 2279 quis
877 2208 941 2259 tam

171 2314 315 2393 perditus,
330 2321 364 2372 ut
378 2312 497 2372 dubitet
511 2311 655 2373 Senecam
670 2313 822 2392 praeferre
835 2311 961 2385 Neroni,

172 2405 257 2506 cujus
269 2425 418 2505 supplicio
433 2445 493 2485 non
508 2425 613 2486 debuit
627 2447 689 2486 una
702 2426 805 2506 parari

172 2540 260 2600 simia
272 2559 328 2599 nec
341 2559 462 2618 serpens
475 2559 554 2600 unus
567 2560 623 2600 nec
637 2540 752 2601 culleus
768 2538 867 2601 unus?

173 2673 229 2732 par
243 2651 524 2732 Agamemnonidae
537 2653 660 2726 crimen,
674 2653 726 2714 sed
741 2674 832 2714 causa
846 2653 920 2714 facit
933 2673 997 2713 rem
1071 2652 1131 2714 215

174 2763 364 2826 dissimilemr
387 2765 499 2844 quippe
512 2764 565 2824 ille
579 2765 641 2826 deis
655 2765 829 2838 auctoribus
843 2764 926 2825 ultor

173 2877 268 2958 patris
283 2886 348 2937 erat
362 2877 440 2938 caesi
453 2877 554 2938 media
568 2875 647 2938 inter
662 2877 788 2958 pocula;
809 2878 861 2938 sed
875 2897 931 2937 nec

174 2991 317 3050 Electrae
331 2989 441 3070 jugulo
456 3010 488 3050 se
501 2989 613 3069 polluit
626 2999 680 3050 aut
694 2987 837 3069 Spartani

173 3101 321 3182 sanguine
335 3101 477 3181 conjugii,
491 3100 585 3161 nullis
599 3102 719 3162 aconita
733 3102 911 3182 propinquis

174 3214 303 3286 miscuit,
318 3213 350 3271 in
363 3233 453 3272 scena
465 3232 633 3291 numquam
647 3213 785 3274 cantavit
797 3211 926 3287 Orestes,
1073 3211 1133 3274 220

175 3327 283 3386 Troica
297 3345 357 3384 non
371 3327 497 3405 scripsit.
539 3326 612 3404 quid
626 3327 707 3386 enim
721 3325 885 3406 Verginius
899 3327 990 3387 armis

175 3436 280 3496 debuit
294 3435 398 3494 ulcisci
414 3435 518 3513 magis,
533 3445 587 3494 aut
602 3457 670 3496 cum
685 3437 816 3497 Vindice
830 3437 940 3510 Galba,

1239 333 1241 399 l
