2536 3806
162 231 204 294 66
409 245 588 293 n.1vu11
616 243 865 292 rvvnuAnrs

161 403 276 464 erexit:
298 421 402 463 causas
417 389 597 462 discriminis
612 409 703 480 atque
717 400 829 461 laboris

160 517 231 576 inde
244 515 361 576 habuit.
403 523 489 575 tanto
504 515 600 595 major
613 514 712 575 famae
726 513 790 574 aitis
805 523 849 575 est
863 533 954 594 quam
1065 516 1123 576 140

160 627 302 700 virtutis;
320 626 387 706 quis
401 625 481 686 euim
497 625 642 686 virtutem
656 624 852 704 amplectitur
866 625 972 704 ipsam,

159 740 295 820 praemia
308 739 332 799 si
348 737 458 798 tollas?
478 737 609 817 patriam
624 746 724 797 tamen
741 737 843 798 obruit
858 737 930 798 olim

158 854 256 934 gloria
270 874 436 934 paucorum
451 862 481 913 et
495 852 594 914 laudis
608 852 751 934 titulique
766 854 877 934 cupido

158 967 278 1028 haesuri
291 968 372 1028 saxis
387 967 521 1027 cinerum
536 967 719 1040 custodibus,
734 966 774 1027 ad
789 987 866 1046 quae

158 1081 347 1141 discutienda
362 1080 466 1142 valent
480 1079 589 1142 sterilis
604 1080 686 1141 mala
700 1081 809 1142 robora
823 1081 881 1155 fici,
1059 1082 1118 1143 145

158 1194 402 1274 quandoquidem
413 1194 486 1255 data
495 1203 568 1255 sunt
579 1195 650 1274 ipsis
659 1215 777 1275 quoque
785 1195 850 1255 fata
860 1193 1036 1274 sepulchris.

158 1307 294 1388 expende
308 1307 525 1380 Hannibalem,
541 1317 614 1388 quot
628 1307 721 1368 libras
735 1307 767 1367 in
781 1307 858 1367 duce
871 1327 989 1369 summo

56 1477 59 1483 .
159 1421 314 1481 invenies?
333 1420 383 1481 hic
398 1429 450 1495 est,
465 1442 555 1500 quem
569 1441 629 1482 non
644 1421 727 1500 capit
739 1419 848 1482 Africa
861 1419 972 1482 Mauro

157 1553 297 1612 percussa
312 1531 432 1594 Oceano
447 1533 579 1613 Niloque
595 1533 717 1594 admota
732 1532 855 1612 tepenti,

157 1666 260 1706 rursus
274 1646 313 1706 ad
328 1645 515 1726 Aethiopum
530 1646 657 1726 populos
672 1646 808 1725 altosque
821 1645 1005 1725 elephantos.
1057 1647 1117 1709 150

157 1762 281 1823 additur
295 1761 428 1841 imperiis
443 1761 605 1841 Hispania,
620 1760 810 1841 Pyrenaeum

157 1875 298 1937 transilit.
340 1874 479 1955 opposuit
493 1884 603 1935 natura
617 1873 789 1953 Alpemque
803 1873 975 1953 niuemque,

157 1987 274 2048 diducit
288 1986 425 2067 scopulos
441 1995 471 2046 et
484 1993 617 2046 montem
631 1985 747 2064 rumpit
761 1993 854 2045 aceto.

160 2101 225 2180 jam
241 2110 323 2162 tenet
338 2101 471 2173 Italiam,
487 2108 588 2160 tamen
603 2099 685 2160 ultra
698 2119 822 2179 pergere
836 2099 941 2160 tendit.

158 2216 295 2290 ‘actum’
311 2215 418 2295 inquit,
434 2214 529 2275 ‘nihil
544 2223 596 2287 est,
611 2213 669 2273 nisi
684 2213 785 2274 Poeno
798 2211 896 2274 milite
909 2221 1011 2292 portas
1057 2214 1117 2276 155

156 2329 324 2410 frangimus
338 2338 369 2390 et
383 2330 483 2390 media
497 2327 646 2390 vexillum
663 2347 742 2406 pono
756 2324 896 2386 Subura!

157 2461 175 2500 o
189 2422 288 2519 qualis
302 2440 392 2500 facies
407 2447 437 2499 et
451 2437 535 2519 quali
552 2437 645 2517 digna
660 2436 783 2511 tabella,

157 2576 227 2617 cum
242 2555 374 2617 Gaetula
389 2555 496 2616 ducem
514 2561 648 2634 portaret
664 2551 754 2612 belua
768 2552 903 2612 luscuml

157 2669 257 2729 exitus
272 2689 342 2747 ergo
356 2667 424 2746 quia
439 2668 504 2728 est?
524 2687 541 2728 0
555 2666 667 2746 gloria!
690 2664 824 2726 vincitur
837 2663 917 2725 idem

156 2802 265 2861 nempe
278 2789 309 2842 et
321 2779 491 2841 inexilium
502 2800 645 2859 praeceps
659 2778 739 2857 fugit
753 2785 845 2856 atque
855 2776 899 2838 ihi
908 2795 1037 2858 magnus
1059 2778 1119 2840 160

157 2895 372 2975 mirandusque
386 2894 479 2956 cliens
493 2893 576 2955 sedet
590 2894 630 2954 ad
644 2892 796 2973 praetoria
810 2891 897 2971 regis,

157 3009 251 3069 donec
266 3007 402 3088 Bithyno
417 3007 512 3068 libeat
526 3006 655 3086 vigilare
669 3015 809 3086 tyranno.

156 3121 247 3182 finem
262 3121 389 3194 animae,
404 3141 481 3200 quae
495 3141 541 3180 res
556 3120 705 3181 humanas
719 3119 840 3180 miscuit
853 3117 936 3192 olim,

157 3252 219 3293 non
232 3231 337 3311 gladii,
351 3251 410 3291 uon
426 3251 501 3291 saxa
516 3230 642 3304 dabunt,
657 3250 712 3291 nec
727 3229 797 3303 tela,
812 3229 864 3290 sed
878 3228 931 3289 ille

158 3345 333 3405 Cannarum
348 3344 462 3404 vindex
476 3353 507 3403 et
521 3343 599 3403 tanti
614 3343 769 3421 sanguinis
785 3342 868 3404 ultor
1061 3345 1118 3405 165

159 3454 278 3515 anulus.
319 3455 340 3527 i,
354 3454 485 3526 demens,
500 3461 530 3513 et
544 3472 648 3515 111111
662 3473 749 3514 curro
763 3473 818 3532 per
830 3451 936 3532 Alpes,
