2536 3806
200 169 242 232 62
453 186 493 233 Ι).
510 186 631 234 rvurr
659 185 906 233 rvvaunms

198 351 350 421 gemmata
364 351 395 402 et
408 341 471 402 lato
485 340 623 403 Setinum
638 340 756 402 ardebit
770 341 802 402 in
817 361 899 402 auro.

201 456 306 536 jamne
319 455 413 534 igitur
426 455 542 528 laudas,
558 455 639 534 quod
653 455 691 514 de
705 453 891 533 sapientibus
905 453 984 514 alter

197 568 325 640 ridebat,
340 567 477 646 quotiens
490 568 528 628 de
542 566 647 628 limine
661 575 798 629 moverat
812 586 907 628 unum

197 682 424 765 protuleratque
437 681 553 760 pedem,
569 680 662 742 flebat
676 681 845 743 contrarius
859 681 986 742 auctor?

196 794 248 854 sed
261 794 358 855 facilis
373 794 469 856 cuivis
484 793 574 876 rigidi
590 814 715 855 censura
731 793 889 854 cachinni:

197 910 370 971 mirandum
384 917 436 983 est,
452 908 532 970 unde
546 908 599 969 ille
613 909 707 969 oculis
722 907 872 969 suffecerit
885 927 980 970 umor.

196 1037 340 1107 perpetuo
355 1027 416 1088 risu
430 1026 605 1108 pulmonem
620 1025 735 1106 agitare
748 1023 864 1086 solebat

196 1137 397 1212 Democritus
412 1157 596 1218 quamquam
611 1156 672 1198 non
687 1145 785 1198 essent
800 1134 925 1197 urbibus
939 1133 1000 1197 illis

195 1261 353 1335 praetexta
367 1262 397 1313 et
410 1253 541 1326 trabeae,
556 1252 659 1326 fasces,
676 1251 792 1324 lectica,
807 1250 951 1312 tribunal.

196 1367 308 1450 quidsi
322 1368 445 1430 vidisset
459 1377 628 1447 praetorem
643 1365 781 1427 curribus
795 1363 867 1426 altis

195 1494 371 1558 exstantem,
387 1494 417 1545 et
430 1484 522 1546 medii
536 1483 696 1544 sublimem
712 1480 838 1560 pulvere
853 1479 925 1541 circi

195 1598 227 1657 in
240 1598 344 1658 tunica
357 1596 453 1670 doris,
468 1606 498 1658 et
511 1597 611 1678 pictae
625 1594 758 1656 Sarrana
772 1593 918 1654 ferentem

194 1732 233 1772 ex
247 1710 357 1772 umeris
371 1710 479 1772 aulaea
492 1718 589 1791 togae,
606 1729 792 1789 magnaeque
807 1727 935 1767 coronae

194 1832 313 1885 tantum
327 1823 430 1884 orbem
444 1831 557 1902 quanto
572 1822 676 1882 cervix
691 1841 751 1880 non
766 1820 875 1887 sufficit
888 1819 974 1880 ulla?

194 1938 305 2017 quippe
319 1944 400 1999 tenet
414 1936 525 1997 sudans
539 1935 619 1996 hanc
634 1934 774 2015 publicus
789 1943 828 2008 et,
843 1935 900 1996 sibi
915 1935 1021 1996 consul

193 2067 231 2106 no
246 2046 374 2126 placeat,
389 2066 480 2106 curru
494 2066 598 2108 servus
612 2054 752 2124 portatur
766 2046 879 2108 eodem.

193 2159 233 2218 da
247 2178 327 2220 nuno
341 2167 372 2220 et
384 2159 549 2232 volucrem,
563 2151 679 2240 s‘ccptro
695 2179 772 2239 quae
787 2159 883 2240 surgit
896 2158 1020 2232 eburno,

193 2270 278 2330 illinc
292 2271 466 2345 cornicines,
479 2272 552 2332 hinc
566 2271 776 2351 praecedentia
793 2271 877 2353 longi

193 2387 321 2466 agminis
335 2387 433 2449 officia
446 2396 476 2448 et
489 2389 592 2450 niveos
607 2389 646 2450 ad
661 2389 747 2449 frena
763 2389 907 2468 Quirites,

193 2500 308 2561 defossa
322 2501 353 2561 in
368 2500 474 2563 loculis
489 2523 562 2581 quos
577 2503 714 2582 sportula
728 2503 800 2564 fecit
813 2503 934 2565 amicos.

192 2625 258 2676 tum
272 2635 391 2698 quoque
406 2617 563 2678 materiam
577 2618 654 2678 risus
668 2618 785 2678 invenit
798 2617 838 2677 ad
852 2618 949 2678 omnis

192 2750 331 2792 occursus
345 2731 510 2806 hominum,
525 2734 610 2813 cujus
625 2733 787 2813 prudentia
802 2741 950 2793 monstrat

192 2863 323 2904 summos
337 2865 421 2923 posse
434 2846 516 2906 viros
530 2853 561 2906 et
574 2866 686 2925 magna
701 2845 841 2924 exempla
855 2844 979 2906 daturos

192 2976 353 3018 vervecum
368 2957 400 3017 in
414 2958 514 3037 patria
529 2978 686 3038 crassoque
701 2958 756 3019 sub
772 2964 840 3020 a'ere
853 2958 946 3021 nasci.

193 3070 311 3130 ridebat
325 3091 420 3145 curas,
436 3091 491 3132 neo
505 3091 566 3132 non
581 3079 611 3132 ct
624 3072 737 3152 gandia
751 3071 846 3150 vulgi,

192 3180 345 3244 interdum
359 3191 390 3244 et
403 3183 553 3255 lacrimas,
568 3201 636 3243 oum
652 3183 806 3244 Fortunae
821 3183 883 3262 ipse
898 3183 1008 3262 minaci

192 3293 352 3356 mandaret
366 3293 509 3372 laqueum
524 3294 717 3373 mediumque
731 3295 900 3354 ostenderet
914 3314 1054 3374 unguem.

234 3403 316 3485 Ergo
330 3422 518 3484 supervacua
532 3411 586 3466 aut
599 3403 648 3466 vel
663 3404 830 3485 perniciosa
843 3412 1004 3484 petuntur:
