2536 3806
494 203 668 251 servas
696 203 739 250 x.
1056 189 1107 264 631

137 366 262 438 propter
277 377 355 438 quae
369 358 414 420 fas
428 369 471 419 est
485 379 585 438 genua
599 358 733 420 incerare
747 361 880 421 deorum.
1058 361 1097 420 55

179 470 336 548 Quosdam
351 471 531 551 praecipitat
544 472 679 550 subjecta
693 474 828 552 potentia
843 493 970 552 magnae

137 585 288 658 invidiae;
311 586 418 664 mergit
432 581 523 664 lo‘nga
537 594 628 666 atque
642 587 767 666 insignis
780 588 928 648 honorum

137 699 259 778 pagina,
302 700 486 761 descendunt
500 709 618 761 statuae
632 711 799 781 restemque
813 711 989 783 sequuntur,

137 813 218 892 ipsas
232 813 340 876 deinde
354 823 440 880 rotas,
449 813 588 892 bigarum
602 815 725 894 inpacta
739 817 849 878 securis

139 927 247 1000 caedit,
262 938 292 989 et
306 929 453 990 inmeritis
466 929 650 1008 franguntur
666 951 754 990 crura
770 931 913 992 caballis:
1059 932 1097 992 60

142 1041 208 1121 jam
223 1041 351 1104 strident
365 1043 456 1120 ignes,
466 1042 531 1121 jam
547 1042 671 1102 follibus
688 1053 778 1123 atque
794 1044 919 1104 caminis

138 1155 226 1216 ardet
240 1156 400 1216 adoratum
414 1156 527 1236 populo
541 1166 642 1236 caput,
659 1166 688 1217 et
703 1167 805 1236 crepat
820 1159 925 1236 ingens

138 1268 282 1348 Sejanus3
303 1269 411 1329 deinde
425 1290 463 1331 ex
477 1269 554 1329 facie
567 1279 631 1330 toto
647 1269 718 1332 orbe
732 1270 864 1331 secunda
877 1245 879 1250 Ι

138 1382 217 1442 fiunt
233 1381 354 1454 urceoli,
369 1381 480 1461 pelves
495 1391 623 1460 sartago,
639 1381 789 1444 matellae.

138 1514 216 1574 poue
231 1493 313 1552 domi
328 1493 440 1566 laurus,
455 1493 514 1553 duo
529 1493 560 1553 in
576 1493 728 1573 Capitolia
742 1514 886 1572 magnum
1058 1497 1096 1556 65

137 1614 346 1687 cretatumque
361 1605 477 1678 bovem,
492 1605 617 1684 Sejanus
633 1605 754 1666 ducitur
768 1626 845 1666 unco

137 1718 335 1799 spectandusl
356 1718 491 1798 gaudent
504 1738 614 1779 omnes.
657 1723 751 1797 ‘quae
768 1718 863 1790 labra,
878 1719 945 1798 quis
960 1719 1006 1780 illi

137 1833 243 1895 vultus
258 1834 338 1894 erat!
360 1853 535 1911 numquam,
551 1831 577 1892 si
592 1831 665 1912 quid
682 1830 756 1892 mihi
772 1831 876 1904 credie,
891 1832 993 1894 emavi

137 1948 220 2009 hunc
232 1946 391 2007 hominem.
433 1947 484 2008 sed
493 1967 552 2028 quo
562 1945 670 2006 cecidit
680 1945 735 2005 sub
745 1944 889 2006 crimine?
904 1944 1042 2025 quisnam

137 2061 276 2123 delator?
297 2060 406 2140 quibus
420 2060 547 2133 indiciis,
563 2080 622 2142 quo
639 2068 714 2121 testo
729 2059 908 2138 probavitl’
1057 2061 1096 2123 70
1146 2108 1147 2111 ,

138 2175 208 2234 “nil
224 2175 342 2247 horum,
358 2173 484 2236 verbosa
498 2182 528 2233 et
542 2173 666 2252 grandis
682 2172 811 2252 epistula
826 2173 910 2234 venit

138 2286 317 2366 aCapreis.''
352 2285 557 2357 ‘benehabet;
572 2286 616 2346 nil
626 2285 695 2364 plus
703 2285 863 2362 interrogo.
908 2286 959 2345 sed
968 2285 1040 2364 quid

138 2401 229 2463 turba
244 2399 331 2462 Remi
340 2396 368 2460 l’
389 2399 406 2428 “
415 2397 552 2476 sequitur
564 2397 727 2470 fortunam,
741 2404 777 2456 ut
790 2416 915 2474 semper,
929 2405 959 2457 et
973 2396 1037 2457 odit

139 2516 314 2585 damnatum
335 2512 415 2573 idem
429 2511 567 2592 populus,
583 2511 606 2570 si
623 2509 733 2572 Nortia
747 2509 844 2571 Tusco

138 2628 270 2698 favisset,
285 2625 309 2685 si
323 2645 464 2704 oppressa
478 2624 554 2685 foret
568 2643 673 2684 secura
687 2629 823 2684 senectus
1056 2624 1073 2686 7
1076 2623 1095 2683 5

139 2737 292 2818 principis,
308 2736 365 2798 hac
379 2736 445 2815 ipsa
458 2735 600 2815 Sejanum
617 2735 729 2795 diceret
743 2734 818 2796 hora

139 2852 322 2931 Augustum.
359 2851 424 2930 jam
439 2850 565 2929 pridem,
580 2869 619 2910 ex
633 2869 692 2930 quo
707 2847 851 2926 suffragia
865 2845 944 2908 nulli

139 2963 306 3035 vendimus,
321 2963 427 3026 effudit
441 2983 544 3034 curas;
567 2982 636 3022 nam
652 2961 704 3042 qui
720 2959 814 3023 dabat
825 2958 901 3022 olim

138 3075 309 3154 imperium,
324 3074 425 3146 fasces,
440 3073 580 3152 legiones,
596 3073 705 3144 omnia,
720 3092 802 3132 nunc
817 3092 848 3132 se

138 3187 273 3248 continet
286 3194 377 3266 atquo
391 3186 466 3247 duas
479 3195 598 3248 tantum
614 3204 660 3243 res
674 3183 784 3245 anxius
799 3192 893 3264 optat,
1043 3184 1096 3246 ,80

138 3319 249 3381 panem
264 3307 294 3358 et
308 3296 478 3358 circenses.''
502 3296 666 3375 ‘perituros
681 3295 771 3356 audio
785 3295 914 3357 multos!
1056 3277 1069 3292 '⁷

139 3413 209 3477 “nil
225 3412 362 3487 dubium,
377 3430 488 3493 magna
502 3419 546 3474 est
560 3409 744 3476 fornacula?
772 3409 948 3492 ‘pallidulus
962 3409 1005 3470 mi
