2516 3806
465 253 638 302 SATVRA
667 255 765 304 xlv.

132 405 206 468 inde
220 407 343 469 domum
357 409 451 488 possis
465 409 643 490 tumidaque
656 412 804 493 superbus
817 412 912 487 aluta,

131 520 248 582 Oceani
262 532 396 584 monstra
409 532 440 584 et
455 524 583 604 juvenes
596 524 708 587 vidisse
721 526 861 588 marinos.

129 655 193 694 non
207 655 286 695 unus
301 644 414 697 mentes
428 636 526 716 agitat
540 637 633 698 furor.
676 637 730 699 ille
743 639 851 700 sororis

128 747 163 807 in
178 749 317 810 manibus
330 748 421 811 vultu
436 749 641 812 Eumenidum
657 761 787 812 terretur
800 760 831 813 et
843 752 917 832 igni,
1032 752 1090 813 285

127 859 179 921 hio
194 859 271 922 bove
284 881 424 941 percusso
439 863 556 942 mugire
570 861 803 943 Agamemnona
817 865 914 926 credit

126 982 183 1034 aut
197 973 347 1037 Ithacum
389 984 497 1056 parcat
510 976 621 1037 tunicis
637 976 708 1038 licet
721 986 812 1056 atque
827 976 974 1051 lacernis,

127 1087 276 1148 curatoris
290 1097 357 1168 eget
371 1088 423 1168 qui
439 1108 549 1149 navem
563 1088 713 1148 mercibus
726 1088 835 1168 implet

125 1198 168 1258 ad
182 1219 334 1260 summum
349 1199 430 1261 latus
444 1209 474 1260 et
488 1198 595 1261 tabula
610 1200 808 1281 distinguitur
821 1200 913 1276 unda,

125 1333 198 1372 cum
212 1312 251 1372 sit
265 1334 356 1374 causa
369 1313 443 1372 mali
458 1312 536 1373 tanti
551 1321 581 1373 et
595 1311 776 1373 discriminis
789 1313 880 1393 hujus
959 1307 961 1314 ’

125 1423 279 1484 concisum
295 1435 454 1504 argentum
469 1423 501 1483 in
515 1423 620 1484 titulos
635 1423 784 1504 faciesque
797 1423 937 1486 minutas.

124 1547 290 1598 occurrunt
304 1537 399 1598 nubes
413 1546 443 1598 et
457 1537 589 1616 fulgura,
604 1537 729 1599 ‘solvite
743 1537 865 1612 funem,'

123 1649 271 1710 frumenti
285 1649 425 1710 dominus
439 1649 552 1711 clamat
565 1649 716 1729 piperisve
730 1650 868 1730 coempti,

123 1764 186 1824 ‘nil
202 1764 284 1826 color
297 1765 348 1826 hic
362 1764 448 1838 caeli,
462 1765 506 1824 nil
522 1765 615 1826 fascia
629 1765 717 1845 nigra
730 1765 884 1838 minatur;

122 1879 273 1941 aestivum
288 1878 394 1941 tonat?
435 1878 543 1940 infelix
558 1880 616 1940 hac
631 1879 757 1941 forsitan
771 1879 837 1959 ipsa

121 1996 211 2048 nocte
225 1987 307 2048 cadit
321 1987 425 2048 fractis
439 1987 586 2062 trabibus,
601 1988 757 2068 fluctuque
770 1997 925 2069 premetur

122 2100 250 2162 obrutus
263 2110 294 2161 et
308 2119 414 2160 zonam
429 2100 518 2162 laeva
532 2120 693 2180 morsuque
707 2100 828 2162 tenebit

121 2213 174 2274 sed
189 2213 274 2292 cujus
288 2212 366 2275 votis
380 2211 470 2272 modo
484 2233 545 2272 non
559 2213 717 2274 suffecerat
729 2232 848 2287 aurum,

121 2325 204 2407 quod
217 2324 318 2404 Tagus
332 2333 363 2385 et
375 2324 470 2385 rutila
484 2323 583 2398 volvit
597 2324 740 2386 Pactolus
754 2325 878 2400 harena,

120 2436 234 2517 frigida
246 2435 395 2496 sufficient
408 2435 544 2497 velantes
558 2436 686 2516 inguina
699 2436 793 2515 panni

120 2551 309 2632 exiguusque
322 2549 416 2623 cibus,
430 2569 528 2611 mersa
542 2558 608 2610 rate
622 2549 788 2629 naufragus
801 2571 896 2612 assem

120 2666 195 2727 dum
209 2672 298 2744 rogat
310 2673 340 2724 et
355 2663 438 2743 picta
452 2683 483 2729 se
497 2670 675 2742 tempestate
688 2671 791 2724 tuetur

159 2776 267 2838 Tantis
280 2784 370 2855 parta
384 2774 473 2836 malis
487 2795 561 2836 cura
575 2776 689 2856 majore
702 2785 846 2855 metuque

119 2897 286 2951 servantur.
329 2887 439 2947 misera
453 2895 497 2948 est
511 2887 617 2966 magni
631 2887 767 2948 custodia
781 2907 894 2950 census.

119 3001 271 3083 dispositis
284 2999 442 3080 praedives
456 3001 532 3061 amis
546 2999 674 3079 vigilare
689 2993 841 3060 cohortem

119 3132 275 3175 servorum
289 3121 380 3172 noctu
395 3111 520 3172 Licinus
536 3109 633 3190 jubet,
648 3110 795 3170 attonitus
808 3131 863 3190 pro

119 3226 229 3287 electro
243 3225 395 3304 signisque
409 3225 470 3284 suis
485 3224 680 3303 Phrygiaque
694 3221 836 3284 columna

120 3350 210 3420 atque
223 3339 314 3399 ebora
328 3348 358 3399 et
371 3338 436 3399 lata
449 3338 607 3400 testudine.
649 3337 731 3398 dolia
745 3337 820 3398 nudi

119 3475 179 3516 non
192 3453 303 3516 ardent
316 3452 432 3533 cynici;
453 3452 480 3513 si
492 3452 626 3532 fregeris,
641 3451 737 3512 altera
751 3449 803 3512 flet
