2536 3806
495 213 667 261 SATVRA
697 213 769 260 111.

148 371 195 431 nil
210 369 267 432 tibi
281 391 313 432 se
327 369 435 456 debere
448 378 546 450 putat,
560 369 605 429 nil
620 370 752 430 conferet
766 390 920 449 umquam,

147 484 329 564 participem
343 483 395 564 qni
409 493 439 544 te
453 483 558 544 secreti
572 483 643 543 fecit
657 482 790 555 bonesti;

148 617 237 658 carus
251 598 309 658 erit
324 597 423 670 Verri,
439 597 491 677 qui
506 596 635 657 Verrem
650 605 783 675 tempore
798 616 857 676 quo
872 596 941 659 vult
998 633 999 636 =

147 731 291 771 accusare
304 719 410 790 potest.
451 709 530 770 tenti
544 709 600 769 tibi
614 729 674 770 non
688 709 728 769 sit
741 709 828 788 opaci

147 824 246 884 omnis
261 824 375 884 harena
389 822 465 902 Tagi
480 821 620 901 quodque
635 821 668 880 in
682 842 765 882 mare
780 821 915 884 volvitur
928 843 1047 898 aurum,
1069 825 1107 885 55

147 945 184 996 ut
197 957 301 997 somno
316 957 418 996 careas
432 935 631 1015 ponendaque
645 934 781 1014 praemia
795 955 895 996 sumas

146 1049 241 1108 tristis
256 1057 285 1109 et
298 1069 318 1109 a
331 1068 442 1127 magno
456 1067 573 1126 semper
587 1047 721 1108 timearis
735 1048 840 1108 amics.
870 1065 873 1076 ·

188 1160 278 1238 Quae
290 1181 372 1221 nunc
385 1159 531 1221 divitibus
545 1179 618 1239 gens
632 1158 839 1239 acceptissima
853 1160 960 1220 nostris

146 1282 177 1333 et
191 1294 265 1353 quos
279 1273 441 1352 praecipue
454 1273 581 1352 fugiam,
596 1271 765 1352 properabo
780 1271 878 1345 fateri,

146 1405 202 1444 neo
216 1385 315 1463 pudor
328 1385 467 1446 obstabit.
509 1405 570 1445 non
585 1405 706 1464 possum
720 1386 806 1459 ferre,
821 1385 966 1463 Quirites,
1069 1388 1108 1450 60

146 1497 297 1560 Graecam
308 1498 421 1560 urbem.
451 1500 590 1579 quamvis
600 1507 693 1580 quota
702 1500 800 1578 portio
809 1500 901 1561 faecis
909 1499 1048 1562 Achaei?

150 1611 218 1690 jam
232 1611 350 1689 pridem
364 1609 458 1690 Syrus
471 1611 504 1669 in
518 1610 651 1672 Tiberim
666 1610 795 1672 defluxit
809 1611 946 1686 Orontes,

145 1735 175 1786 et
189 1725 327 1804 linguam
340 1734 371 1786 et
383 1747 479 1787 mores
493 1734 607 1788 etcum
621 1727 746 1787 tibicine
760 1727 887 1788 chordas

145 1838 283 1918 obliquas
298 1859 352 1899 nec
367 1858 427 1899 non
441 1838 568 1918 gentilia
582 1848 730 1918 tympana
745 1859 846 1899 secum

144 1951 231 2012 vexit
245 1959 275 2010 et
289 1950 328 2010 ad
343 1949 458 2010 circum
468 1951 566 2031 jussas
580 1960 715 2030 prostare
729 1950 864 2029 puellas:
1066 1953 1106 2014 65

144 2062 185 2124 ito
199 2063 309 2143 quibus
322 2071 411 2143 grata
425 2071 469 2124 est
483 2064 566 2142 picta
580 2063 654 2142 lupa
668 2063 800 2124 barbara
814 2065 924 2126 mitral

143 2176 274 2237 rusticus
288 2175 340 2236 ille
356 2185 425 2236 tuus
439 2176 531 2236 sumit
545 2177 750 2256 trechedipna,
767 2177 904 2254 Quirine,

143 2299 173 2350 et
187 2289 367 2350 ceromatico
382 2289 441 2350 fert
453 2289 598 2350 niceteria
612 2290 706 2352 collol

143 2401 192 2463 hic
207 2401 272 2463 alta
285 2401 422 2483 Sicyone,
437 2402 548 2463 aethio
563 2401 726 2483 Amydone
740 2404 856 2478 relicta,

143 2515 192 2576 hic
207 2513 324 2588 Andro,
339 2514 392 2575 ille
406 2514 505 2588 Samo,
521 2514 571 2575 hic
585 2514 739 2576 Trallibus
754 2525 808 2576 aut
821 2509 1001 2591 Alabandis,
1064 2518 1103 2580 70

143 2627 296 2708 Esquilias
310 2628 485 2707 dictumque
499 2636 608 2707 petunt
623 2649 642 2688 a
657 2627 770 2690 vimine
785 2628 902 2703 collem,

142 2743 258 2805 viscera
272 2762 454 2823 magnarum
468 2742 613 2803 domuum
628 2741 803 2822 dominique
817 2743 921 2805 futuri.

142 2857 297 2937 ingenium
312 2856 412 2930 velox,
426 2857 556 2917 audacia
569 2858 696 2936 perdita,
712 2877 808 2918 sermo

141 2977 299 3049 promptus
314 2959 344 3028 ei
358 2967 443 3029 Isaeo
458 2969 627 3030 torrentior.
670 2970 733 3042 ede,
748 2970 821 3049 quid
837 2970 925 3032 illum

141 3101 202 3140 esse
217 3079 325 3158 putes?
346 3100 435 3158 quem
449 3079 496 3141 vis
510 3079 662 3142 hominem
677 3102 777 3142 secum
792 3081 898 3143 attulit
911 3082 950 3143 ad
965 3103 1034 3144 nos:
1063 3084 1101 3145 75

141 3181 366 3271 grammaticus,
381 3192 492 3270 rhetor,
506 3202 680 3271 geometrea
695 3193 801 3273 pictor,
816 3194 933 3273 aliptes,

141 3323 248 3382 augur,
263 3300 490 3380 schoenobates,
505 3303 648 3376 medicus,
664 3324 778 3382 magus,
793 3305 895 3365 omnia
909 3304 996 3367 novit

142 3417 310 3480 Graeculus
325 3419 473 3480 esuriens:
495 3419 528 3479 in
542 3418 670 3492 caelum,
680 3420 813 3499 jusseris,
829 3420 894 3482 ibit.
