2516 3806
506 281 679 328 servan
708 280 750 327 v.
1044 264 1107 327 115

188 437 493 518 Manepigerstertis.
535 433 1047 516 ‘Surgei’inquitAvaritia‚‘heia

147 570 236 629 surge
245 549 270 611 1’
291 549 393 629 Negas
403 570 410 622 ;
422 548 523 623 instat,
535 552 542 578 ‘
552 548 677 628 Surgel’
689 547 797 628 inquit
839 547 936 609 “Non
947 548 1051 628 queo.’'

229 663 341 743 ‘Surge
350 662 375 724 1’

147 782 165 810 “
174 776 218 839 Et
231 777 306 858 quid
324 775 461 857 agami''
502 774 671 857 ‘Rogitasi
691 795 730 838 eu
750 775 909 856 saperdam
930 775 1047 837 advehe

228 889 336 964 Ponto,

147 1012 325 1075 castoreum,
339 1011 473 1082 stuppas,
488 1001 648 1075 hebenum,
663 1009 721 1076 tus,
736 1000 855 1062 lubrica
869 999 949 1074 Coa3
1049 1001 1107 1061 135

145 1117 221 1180 tolle
235 1137 337 1178 recens
350 1116 466 1196 primus
479 1115 566 1195 piper
579 1137 618 1176 ex
632 1115 750 1176 sitiente
764 1114 908 1188 camello;

146 1239 232 1292 verte
240 1229 357 1309 aliquid
368 1250 375 1301 3
385 1229 476 1309 jura.⁹
513 1233 529 1259 “
539 1228 597 1290 Sed
606 1228 629 1290 J
630 1229 751 1308 uppiter
759 1227 890 1289 audiet.''
925 1226 1047 1289 ‘Eheui

146 1342 231 1417 baro,
244 1351 432 1422 regustatum
448 1341 543 1422 digito
557 1340 708 1402 terebrare
722 1342 853 1403 salinum
966 1361 968 1366 ·

146 1464 306 1518 contentus
319 1476 453 1536 perages,
468 1456 494 1516 si
508 1455 611 1517 vivere
625 1475 693 1516 cum
709 1453 789 1518 Jove
802 1455 900 1516 tendis
909 1453 934 1515 l’

150 1571 217 1650 jam
232 1569 333 1650 pueris
346 1569 457 1649 pellem
471 1569 641 1630 succinctus
655 1578 685 1630 et
698 1570 903 1650 oenophorum
918 1578 1021 1650 aptus:
1049 1570 1108 1631 140

147 1681 259 1743 ‘Ocius
272 1681 313 1742 ad
326 1701 435 1743 navem
445 1681 470 1741 l’
492 1681 569 1742 nihil
585 1681 693 1755 obstet,
708 1682 782 1762 quin
796 1682 882 1744 trabe
895 1692 983 1744 vasta

146 1794 307 1874 Aegaeum
321 1793 431 1873 rapias,
445 1793 477 1853 ni
491 1793 596 1854 sollers
610 1794 750 1855 Luxuria
764 1805 835 1856 ante

146 1909 305 1970 seductum
320 1917 441 1968 moneat
456 1908 545 1985 ‘Quo
559 1907 677 1982 deinde,
692 1909 805 1982 insane,
820 1910 904 1971 ruis?
924 1909 1005 1991 quo?

147 2021 224 2102 quid
237 2020 293 2082 tibi
307 2021 374 2083 vis?
396 2020 495 2081 calido
509 2020 565 2081 sub
580 2029 700 2100 pectore
714 2022 848 2082 mascula
863 2022 932 2083 bilis

147 2133 304 2207 intumuit,
318 2133 400 2214 quod
413 2154 473 2194 non
487 2133 653 2194 extinxerit
667 2152 744 2194 urna
757 2134 893 2195 cicutae?
1051 2134 1109 2196 145

147 2247 214 2309 tun'
228 2265 312 2306 mare
325 2246 498 2307 transilias?
519 2245 574 2306 tibi
591 2254 672 2306 torta
685 2247 821 2307 cannabe
835 2247 914 2308 fulto

147 2379 224 2422 cena
237 2358 277 2420 sit
290 2358 322 2418 in
336 2367 477 2431 transtro,
492 2359 758 2439 Veientanumque
772 2360 924 2420 rubellum

147 2472 251 2535 exalet
264 2471 377 2551 vapida
391 2472 505 2533 laesum
520 2472 587 2552 pice
601 2472 709 2532 sessilis
723 2473 822 2535 obba?

148 2583 224 2664 quid
238 2584 334 2663 petis?
356 2591 390 2643 ut
404 2582 531 2656 nummi,
546 2600 620 2662 quos
634 2583 684 2643 hic
699 2569 869 2663 quincunce
882 2583 1016 2646 modesto

147 2695 308 2766 nutrieras,
322 2702 451 2774 pergant
465 2693 570 2755 avidos
584 2693 693 2755 sudare
708 2694 857 2756 deuncesl
1051 2696 1109 2757 150

147 2807 275 2888 indulge
290 2806 397 2880 Genio,
412 2826 571 2886 carpamus
586 2806 705 2868 dulcial
726 2817 862 2869 nostrum
877 2815 922 2870 eat
953 2831 955 2834 ·

147 2919 231 3001 quod
245 2919 342 2991 vivis;
363 2918 438 2979 einis
453 2927 483 2979 et
497 2939 600 2980 manes
614 2928 645 2980 et
658 2919 764 2981 fabula
778 2893 848 2981 lies.¹

147 3033 344 3097 vivememor
353 3030 423 3091 letil
438 3031 619 3110 fugithora3
634 3031 691 3092 hoc
700 3031 781 3111 quod
789 3032 897 3112 loquor
905 3031 975 3093 inde
983 3031 1045 3094 est.¹

148 3164 187 3205 en
201 3141 276 3222 quid
290 3140 375 3220 agis?
396 3140 513 3220 duplici
526 3141 559 3201 in
573 3141 727 3202 diversum
741 3141 885 3202 scindetis
899 3142 997 3203 hamo.

148 3254 290 3327 huncine,
305 3275 345 3315 an
359 3254 441 3315 huno
454 3253 606 3333 sequeris?
626 3253 733 3316 subeas
747 3255 883 3316 alternus
897 3262 1016 3334 oportet
1050 3256 1108 3316 155
1202 3345 1205 3352 μ

148 3367 275 3448 ancipiti
290 3367 431 3447 obsequio
446 3367 591 3440 dominos,
606 3366 740 3428 alternus
754 3367 880 3429 oberres.

148 3501 205 3543 nec
219 3489 263 3556 tu,
278 3500 347 3540 cum
362 3478 512 3541 obstiteris
525 3478 617 3540 semel
632 3478 817 3560 instantique
829 3478 949 3560 negaris
