<?xml version="1.0" encoding="UTF-8"?>
<!DOCTYPE html PUBLIC "-//W3C//DTD XHTML 1.0 Transitional//EN"
    "http://www.w3.org/TR/xhtml1/DTD/xhtml1-transitional.dtd">
<html xmlns="http://www.w3.org/1999/xhtml" xml:lang="en" lang="en">
 <head>
  <title>
</title>
<meta http-equiv="Content-Type" content="text/html;charset=utf-8" />
  <meta name='ocr-system' content='tesseract 3.04.00' />
  <meta name='ocr-capabilities' content='ocr_page ocr_carea ocr_par ocr_line ocrx_word'/>
</head>
<body>
  <div class='ocr_page' id='page_1' title='image "./selectionsfroms01persgoog/selectionsfroms01persgoog_0093.png"; bbox 0 0 2536 3806; ppageno 0'>
   <div class='ocr_carea' id='block_1_1' title="bbox 156 199 858 262">
    <p class='ocr_par' dir='ltr' id='par_1_1' title="bbox 156 199 858 262">
     <span class='ocr_line' id='line_1_1' title="bbox 156 199 858 262; baseline -0.01 0"><span class='ocrx_word' id='word_1_1' title='bbox 156 199 199 262; x_wconf 88' lang='grc'>86</span> <span class='ocrx_word' id='word_1_2' title='bbox 404 214 444 260; x_wconf 85' lang='lat' dir='ltr'>n.</span> <span class='ocrx_word' id='word_1_3' title='bbox 461 213 582 261; x_wconf 81' lang='lat' dir='ltr'>rvnn</span> <span class='ocrx_word' id='word_1_4' title='bbox 610 211 858 260; x_wconf 77' lang='lat' dir='ltr'>rvvnnnnrs</span> 
     </span>
    </p>
   </div>
   <div class='ocr_carea' id='block_1_2' title="bbox 59 368 1117 2720">
    <p class='ocr_par' dir='ltr' id='par_1_2' title="bbox 59 368 1117 1127">
     <span class='ocr_line' id='line_1_2' title="bbox 155 368 979 448; baseline -0.005 -17"><span class='ocrx_word' id='word_1_5' title='bbox 155 370 196 431; x_wconf 89' lang='lat' dir='ltr'>ad</span> <span class='ocrx_word' id='word_1_6' title='bbox 210 369 325 432; x_wconf 86' lang='lat' dir='ltr'>subitas</span> <span class='ocrx_word' id='word_1_7' title='bbox 338 369 491 430; x_wconf 85' lang='lat' dir='ltr'>Thracum</span> <span class='ocrx_word' id='word_1_8' title='bbox 505 368 643 431; x_wconf 90' lang='lat' dir='ltr'>volucres</span> <span class='ocrx_word' id='word_1_9' title='bbox 657 369 827 448; x_wconf 90' lang='lat' dir='ltr'>nubemque</span> <span class='ocrx_word' id='word_1_10' title='bbox 841 388 979 428; x_wconf 89' lang='lat' dir='ltr'>sonoram</span> 
     </span>
     <span class='ocr_line' id='line_1_3' title="bbox 156 482 859 563; baseline -0.001 -20"><span class='ocrx_word' id='word_1_11' title='bbox 156 483 327 563; x_wconf 82' lang='lat' dir='ltr'>Pygmaeus</span> <span class='ocrx_word' id='word_1_12' title='bbox 342 483 444 563; x_wconf 87' lang='lat' dir='ltr'>parvis</span> <span class='ocrx_word' id='word_1_13' title='bbox 459 483 554 544; x_wconf 89' lang='lat' dir='ltr'>currit</span> <span class='ocrx_word' id='word_1_14' title='bbox 569 482 698 543; x_wconf 85' lang='lat' dir='ltr'>bellator</span> <span class='ocrx_word' id='word_1_15' title='bbox 712 483 744 542; x_wconf 94' lang='lat' dir='ltr'>in</span> <span class='ocrx_word' id='word_1_16' title='bbox 758 482 859 555; x_wconf 87' lang='lat' dir='ltr'>armis,</span> 
     </span>
     <span class='ocr_line' id='line_1_4' title="bbox 59 587 880 684; baseline 0 -28"><span class='ocrx_word' id='word_1_17' title='bbox 59 587 64 590; x_wconf 59' lang='grc'><strong>’</strong></span> <span class='ocrx_word' id='word_1_18' title='bbox 156 618 228 658; x_wconf 85' lang='lat' dir='ltr'>mox</span> <span class='ocrx_word' id='word_1_19' title='bbox 242 598 341 684; x_wconf 82' lang='lat' dir='ltr'><strong>impar</strong></span> <span class='ocrx_word' id='word_1_20' title='bbox 355 597 433 658; x_wconf 90' lang='lat' dir='ltr'>hosti</span> <span class='ocrx_word' id='word_1_21' title='bbox 449 607 612 677; x_wconf 86' lang='lat' dir='ltr'>raptusque</span> <span class='ocrx_word' id='word_1_22' title='bbox 626 617 680 676; x_wconf 90' lang='lat' dir='ltr'>per</span> <span class='ocrx_word' id='word_1_23' title='bbox 694 617 764 657; x_wconf 87' lang='lat' dir='ltr'>aera</span> <span class='ocrx_word' id='word_1_24' title='bbox 779 595 880 657; x_wconf 88' lang='lat' dir='ltr'>curvis</span> 
     </span>
     <span class='ocr_line' id='line_1_5' title="bbox 156 709 1117 790; baseline 0.002 -20"><span class='ocrx_word' id='word_1_25' title='bbox 156 710 309 790; x_wconf 88' lang='lat' dir='ltr'>unguibus</span> <span class='ocrx_word' id='word_1_26' title='bbox 323 731 342 770; x_wconf 91' lang='lat' dir='ltr'>a</span> <span class='ocrx_word' id='word_1_27' title='bbox 356 731 446 771; x_wconf 86' lang='lat' dir='ltr'>saeva</span> <span class='ocrx_word' id='word_1_28' title='bbox 460 711 556 770; x_wconf 84' lang='lat' dir='ltr'>fertur</span> <span class='ocrx_word' id='word_1_29' title='bbox 569 731 652 790; x_wconf 89' lang='lat' dir='ltr'>grue.</span> <span class='ocrx_word' id='word_1_30' title='bbox 695 711 721 770; x_wconf 87' lang='lat' dir='ltr'>si</span> <span class='ocrx_word' id='word_1_31' title='bbox 734 709 838 771; x_wconf 86' lang='lat' dir='ltr'>videas</span> <span class='ocrx_word' id='word_1_32' title='bbox 852 709 910 770; x_wconf 90' lang='lat' dir='ltr'>hoc</span> <span class='ocrx_word' id='word_1_33' title='bbox 1058 711 1117 772; x_wconf 84' lang='grc'>170</span> 
     </span>
     <span class='ocr_line' id='line_1_6' title="bbox 155 823 882 904; baseline 0 -20"><span class='ocrx_word' id='word_1_34' title='bbox 155 824 295 904; x_wconf 84' lang='lat' dir='ltr'>gentibus</span> <span class='ocrx_word' id='word_1_35' title='bbox 310 824 342 883; x_wconf 93' lang='lat' dir='ltr'>in</span> <span class='ocrx_word' id='word_1_36' title='bbox 357 825 474 898; x_wconf 88' lang='lat' dir='ltr'>nostris,</span> <span class='ocrx_word' id='word_1_37' title='bbox 490 824 551 884; x_wconf 92' lang='lat' dir='ltr'>risu</span> <span class='ocrx_word' id='word_1_38' title='bbox 567 825 722 904; x_wconf 83' lang='lat' dir='ltr'>quatiare;</span> <span class='ocrx_word' id='word_1_39' title='bbox 743 824 795 884; x_wconf 91' lang='lat' dir='ltr'>sed</span> <span class='ocrx_word' id='word_1_40' title='bbox 809 823 882 896; x_wconf 91' lang='lat' dir='ltr'>illic,</span> 
     </span>
     <span class='ocr_line' id='line_1_7' title="bbox 156 936 1015 1018; baseline 0.002 -21"><span class='ocrx_word' id='word_1_41' title='bbox 156 957 341 1018; x_wconf 91' lang='lat' dir='ltr'>quamquam</span> <span class='ocrx_word' id='word_1_42' title='bbox 356 936 461 997; x_wconf 90' lang='lat' dir='ltr'>eadem</span> <span class='ocrx_word' id='word_1_43' title='bbox 476 938 594 997; x_wconf 80' lang='lat' dir='ltr'>assidue</span> <span class='ocrx_word' id='word_1_44' title='bbox 609 946 781 1016; x_wconf 74' lang='lat' dir='ltr'>spectentur</span> <span class='ocrx_word' id='word_1_45' title='bbox 795 937 920 1016; x_wconf 89' lang='lat' dir='ltr'>proelia,</span> <span class='ocrx_word' id='word_1_46' title='bbox 934 937 1015 999; x_wconf 85' lang='lat' dir='ltr'>ridet</span> 
     </span>
     <span class='ocr_line' id='line_1_8' title="bbox 156 1047 931 1127; baseline 0 -19"><span class='ocrx_word' id='word_1_47' title='bbox 156 1069 252 1122; x_wconf 89' lang='lat' dir='ltr'>ncrno,</span> <span class='ocrx_word' id='word_1_48' title='bbox 267 1048 321 1108; x_wconf 85' lang='lat' dir='ltr'>ubi</span> <span class='ocrx_word' id='word_1_49' title='bbox 335 1057 399 1108; x_wconf 87' lang='lat' dir='ltr'>tota</span> <span class='ocrx_word' id='word_1_50' title='bbox 413 1047 518 1108; x_wconf 82' lang='lat' dir='ltr'>cohors</span> <span class='ocrx_word' id='word_1_51' title='bbox 532 1048 608 1127; x_wconf 91' lang='lat' dir='ltr'>pede</span> <span class='ocrx_word' id='word_1_52' title='bbox 625 1068 685 1108; x_wconf 93' lang='lat' dir='ltr'>non</span> <span class='ocrx_word' id='word_1_53' title='bbox 700 1057 744 1108; x_wconf 86' lang='lat' dir='ltr'>est</span> <span class='ocrx_word' id='word_1_54' title='bbox 758 1048 849 1108; x_wconf 90' lang='lat' dir='ltr'>altior</span> <span class='ocrx_word' id='word_1_55' title='bbox 862 1069 931 1108; x_wconf 90' lang='lat' dir='ltr'>uno.</span> 
     </span>
    </p>

    <p class='ocr_par' dir='ltr' id='par_1_3' title="bbox 155 1161 1117 2720">
     <span class='ocr_line' id='line_1_9' title="bbox 196 1161 932 1242; baseline 0.001 -20"><span class='ocrx_word' id='word_1_56' title='bbox 196 1161 331 1222; x_wconf 81' lang='lat' dir='ltr'>Nullane</span> <span class='ocrx_word' id='word_1_57' title='bbox 345 1163 459 1242; x_wconf 77' lang='lat' dir='ltr'>perjuri</span> <span class='ocrx_word' id='word_1_58' title='bbox 474 1163 581 1242; x_wconf 86' lang='lat' dir='ltr'>capitis</span> <span class='ocrx_word' id='word_1_59' title='bbox 596 1162 770 1242; x_wconf 83' lang='lat' dir='ltr'>fraudisque</span> <span class='ocrx_word' id='word_1_60' title='bbox 784 1163 932 1224; x_wconf 90' lang='lat' dir='ltr'>nefandae</span> 
     </span>
     <span class='ocr_line' id='line_1_10' title="bbox 155 1274 1117 1356; baseline 0 -20"><span class='ocrx_word' id='word_1_61' title='bbox 155 1296 253 1356; x_wconf 84' lang='lat' dir='ltr'>poena</span> <span class='ocrx_word' id='word_1_62' title='bbox 267 1274 559 1354; x_wconf 72' lang='lat' dir='ltr'>erist-abreptum</span> <span class='ocrx_word' id='word_1_63' title='bbox 575 1275 662 1335; x_wconf 88' lang='lat' dir='ltr'>crede</span> <span class='ocrx_word' id='word_1_64' title='bbox 675 1275 757 1335; x_wconf 90' lang='lat' dir='ltr'>hunc</span> <span class='ocrx_word' id='word_1_65' title='bbox 771 1276 910 1354; x_wconf 84' lang='lat' dir='ltr'>graviore</span> <span class='ocrx_word' id='word_1_66' title='bbox 924 1283 1033 1336; x_wconf 86' lang='lat' dir='ltr'>catena</span> <span class='ocrx_word' id='word_1_67' title='bbox 1055 1276 1117 1337; x_wconf 82' lang='lat'>175</span> 
     </span>
     <span class='ocr_line' id='line_1_11' title="bbox 156 1389 998 1478; baseline 0.001 -29"><span class='ocrx_word' id='word_1_68' title='bbox 156 1390 293 1478; x_wconf 90' lang='lat' dir='ltr'>protinus</span> <span class='ocrx_word' id='word_1_69' title='bbox 309 1398 340 1450; x_wconf 89' lang='lat' dir='ltr'>et</span> <span class='ocrx_word' id='word_1_70' title='bbox 353 1399 454 1450; x_wconf 89' lang='lat' dir='ltr'>nostro</span> <span class='ocrx_word' id='word_1_71' title='bbox 464 1389 586 1469; x_wconf 89' lang='lat' dir='ltr'>-quid</span> <span class='ocrx_word' id='word_1_72' title='bbox 601 1390 671 1469; x_wconf 90' lang='lat' dir='ltr'>plus</span> <span class='ocrx_word' id='word_1_73' title='bbox 685 1390 759 1450; x_wconf 88' lang='lat' dir='ltr'>velit</span> <span class='ocrx_word' id='word_1_74' title='bbox 773 1390 998 1450; x_wconf 71' lang='lat' dir='ltr'>irat-necari</span> 
     </span>
     <span class='ocr_line' id='line_1_12' title="bbox 156 1502 982 1583; baseline 0 -20"><span class='ocrx_word' id='word_1_75' title='bbox 156 1503 299 1575; x_wconf 89' lang='lat' dir='ltr'>arbitrio;</span> <span class='ocrx_word' id='word_1_76' title='bbox 320 1511 423 1562; x_wconf 87' lang='lat' dir='ltr'>manet</span> <span class='ocrx_word' id='word_1_77' title='bbox 436 1502 491 1562; x_wconf 89' lang='lat' dir='ltr'>illa</span> <span class='ocrx_word' id='word_1_78' title='bbox 506 1511 607 1563; x_wconf 87' lang='lat' dir='ltr'>tamen</span> <span class='ocrx_word' id='word_1_79' title='bbox 623 1503 754 1582; x_wconf 84' lang='lat' dir='ltr'>jactura,</span> <span class='ocrx_word' id='word_1_80' title='bbox 769 1523 824 1562; x_wconf 91' lang='lat' dir='ltr'>nec</span> <span class='ocrx_word' id='word_1_81' title='bbox 837 1523 982 1583; x_wconf 91' lang='lat' dir='ltr'>umquam</span> 
     </span>
     <span class='ocr_line' id='line_1_13' title="bbox 157 1618 916 1700; baseline -0.005 -20"><span class='ocrx_word' id='word_1_82' title='bbox 157 1620 324 1700; x_wconf 87' lang='lat' dir='ltr'>depositum</span> <span class='ocrx_word' id='word_1_83' title='bbox 341 1620 397 1681; x_wconf 89' lang='lat' dir='ltr'>tibi</span> <span class='ocrx_word' id='word_1_84' title='bbox 412 1640 510 1699; x_wconf 92' lang='lat' dir='ltr'>sospes</span> <span class='ocrx_word' id='word_1_85' title='bbox 524 1618 590 1692; x_wconf 88' lang='lat' dir='ltr'>erit,</span> <span class='ocrx_word' id='word_1_86' title='bbox 605 1619 656 1678; x_wconf 88' lang='lat' dir='ltr'>sed</span> <span class='ocrx_word' id='word_1_87' title='bbox 670 1637 794 1696; x_wconf 88' lang='lat' dir='ltr'>corpore</span> <span class='ocrx_word' id='word_1_88' title='bbox 808 1626 916 1676; x_wconf 91' lang='lat' dir='ltr'>trunco</span> 
     </span>
     <span class='ocr_line' id='line_1_14' title="bbox 157 1732 834 1811; baseline 0 -19"><span class='ocrx_word' id='word_1_89' title='bbox 157 1732 306 1794; x_wconf 89' lang='lat' dir='ltr'>invidiosa</span> <span class='ocrx_word' id='word_1_90' title='bbox 321 1733 407 1794; x_wconf 88' lang='lat' dir='ltr'>dabit</span> <span class='ocrx_word' id='word_1_91' title='bbox 421 1734 563 1794; x_wconf 91' lang='lat' dir='ltr'>minimus</span> <span class='ocrx_word' id='word_1_92' title='bbox 577 1733 689 1794; x_wconf 86' lang='lat' dir='ltr'>solacia</span> <span class='ocrx_word' id='word_1_93' title='bbox 704 1732 834 1811; x_wconf 85' lang='lat' dir='ltr'>sanguis.</span> 
     </span>
     <span class='ocr_line' id='line_1_15' title="bbox 157 1847 1113 1928; baseline -0.001 -19"><span class='ocrx_word' id='word_1_94' title='bbox 157 1853 207 1909; x_wconf 94' lang='lat' dir='ltr'>‘at</span> <span class='ocrx_word' id='word_1_95' title='bbox 222 1848 358 1910; x_wconf 90' lang='lat' dir='ltr'>vindicta</span> <span class='ocrx_word' id='word_1_96' title='bbox 373 1849 485 1909; x_wconf 89' lang='lat' dir='ltr'>bonum</span> <span class='ocrx_word' id='word_1_97' title='bbox 500 1850 566 1911; x_wconf 85' lang='lat' dir='ltr'>vita</span> <span class='ocrx_word' id='word_1_98' title='bbox 581 1849 746 1928; x_wconf 90' lang='lat' dir='ltr'>jucundius</span> <span class='ocrx_word' id='word_1_99' title='bbox 760 1847 843 1927; x_wconf 67' lang='lat' dir='ltr'>ipsa!</span> <span class='ocrx_word' id='word_1_100' title='bbox 1055 1847 1113 1908; x_wconf 84' lang='grc'>180</span> 
     </span>
     <span class='ocr_line' id='line_1_16' title="bbox 156 1960 912 2044; baseline -0.001 -22"><span class='ocrx_word' id='word_1_101' title='bbox 156 1983 263 2043; x_wconf 86' lang='lat' dir='ltr'>nempe</span> <span class='ocrx_word' id='word_1_102' title='bbox 278 1965 334 2025; x_wconf 91' lang='lat' dir='ltr'>hoc</span> <span class='ocrx_word' id='word_1_103' title='bbox 349 1965 471 2038; x_wconf 88' lang='lat' dir='ltr'>indocti,</span> <span class='ocrx_word' id='word_1_104' title='bbox 486 1985 614 2044; x_wconf 90' lang='lat' dir='ltr'>quorum</span> <span class='ocrx_word' id='word_1_105' title='bbox 629 1963 805 2043; x_wconf 90' lang='lat' dir='ltr'>praecordia</span> <span class='ocrx_word' id='word_1_106' title='bbox 819 1960 912 2021; x_wconf 86' lang='lat' dir='ltr'>nullis</span> 
     </span>
     <span class='ocr_line' id='line_1_17' title="bbox 156 2073 929 2153; baseline -0.001 -20"><span class='ocrx_word' id='word_1_107' title='bbox 156 2075 307 2135; x_wconf 84' lang='lat' dir='ltr'>interdum</span> <span class='ocrx_word' id='word_1_108' title='bbox 322 2084 376 2136; x_wconf 90' lang='lat' dir='ltr'>aut</span> <span class='ocrx_word' id='word_1_109' title='bbox 390 2075 508 2138; x_wconf 85' lang='lat' dir='ltr'>levibus</span> <span class='ocrx_word' id='word_1_110' title='bbox 522 2075 625 2137; x_wconf 87' lang='lat' dir='ltr'>videas</span> <span class='ocrx_word' id='word_1_111' title='bbox 639 2074 801 2153; x_wconf 83' lang='lat' dir='ltr'>flagrantia</span> <span class='ocrx_word' id='word_1_112' title='bbox 815 2073 929 2132; x_wconf 87' lang='lat' dir='ltr'>causis:</span> 
     </span>
     <span class='ocr_line' id='line_1_18' title="bbox 158 2181 962 2268; baseline -0.002 -22"><span class='ocrx_word' id='word_1_113' title='bbox 158 2186 452 2268; x_wconf 87' lang='lat' dir='ltr'>[quantulacumque</span> <span class='ocrx_word' id='word_1_114' title='bbox 466 2188 540 2248; x_wconf 93' lang='lat' dir='ltr'>adeo</span> <span class='ocrx_word' id='word_1_115' title='bbox 555 2197 598 2248; x_wconf 92' lang='lat' dir='ltr'>est</span> <span class='ocrx_word' id='word_1_116' title='bbox 612 2187 736 2260; x_wconf 88' lang='lat' dir='ltr'>occasio,</span> <span class='ocrx_word' id='word_1_117' title='bbox 750 2185 859 2246; x_wconf 89' lang='lat' dir='ltr'>sufficit</span> <span class='ocrx_word' id='word_1_118' title='bbox 873 2181 962 2262; x_wconf 81' lang='lat' dir='ltr'>irae]</span> 
     </span>
     <span class='ocr_line' id='line_1_19' title="bbox 156 2297 913 2380; baseline -0.003 -20"><span class='ocrx_word' id='word_1_119' title='bbox 156 2299 343 2380; x_wconf 83' lang='lat' dir='ltr'>Chrysippus</span> <span class='ocrx_word' id='word_1_120' title='bbox 360 2322 420 2361; x_wconf 93' lang='lat' dir='ltr'>non</span> <span class='ocrx_word' id='word_1_121' title='bbox 435 2301 515 2361; x_wconf 89' lang='lat' dir='ltr'>dicet</span> <span class='ocrx_word' id='word_1_122' title='bbox 528 2299 607 2361; x_wconf 90' lang='lat' dir='ltr'>idem</span> <span class='ocrx_word' id='word_1_123' title='bbox 623 2321 678 2360; x_wconf 90' lang='lat' dir='ltr'>nec</span> <span class='ocrx_word' id='word_1_124' title='bbox 692 2300 764 2360; x_wconf 87' lang='lat' dir='ltr'>mite</span> <span class='ocrx_word' id='word_1_125' title='bbox 778 2297 913 2358; x_wconf 81' lang='lat' dir='ltr'>Thaletis</span> 
     </span>
     <span class='ocr_line' id='line_1_20' title="bbox 156 2413 1112 2494; baseline 0.001 -21"><span class='ocrx_word' id='word_1_126' title='bbox 156 2414 310 2493; x_wconf 86' lang='lat' dir='ltr'>ingenium</span> <span class='ocrx_word' id='word_1_127' title='bbox 326 2415 467 2494; x_wconf 85' lang='lat' dir='ltr'>dulcique</span> <span class='ocrx_word' id='word_1_128' title='bbox 482 2435 573 2476; x_wconf 89' lang='lat' dir='ltr'>senex</span> <span class='ocrx_word' id='word_1_129' title='bbox 588 2416 706 2477; x_wconf 87' lang='lat' dir='ltr'>vicinus</span> <span class='ocrx_word' id='word_1_130' title='bbox 720 2415 877 2494; x_wconf 83' lang='lat' dir='ltr'>Hymetto,</span> <span class='ocrx_word' id='word_1_131' title='bbox 1054 2413 1112 2475; x_wconf 84' lang='lat'>185</span> 
     </span>
     <span class='ocr_line' id='line_1_21' title="bbox 156 2511 939 2607; baseline 0.004 -22"><span class='ocrx_word' id='word_1_132' title='bbox 156 2527 208 2607; x_wconf 93' lang='lat' dir='ltr'>qui</span> <span class='ocrx_word' id='word_1_133' title='bbox 223 2536 339 2605; x_wconf 88' lang='lat' dir='ltr'>partem</span> <span class='ocrx_word' id='word_1_134' title='bbox 354 2538 495 2607; x_wconf 84' lang='lat' dir='ltr'>acceptae</span> <span class='ocrx_word' id='word_1_135' title='bbox 509 2549 599 2590; x_wconf 90' lang='lat' dir='ltr'>saeva</span> <span class='ocrx_word' id='word_1_136' title='bbox 613 2529 692 2589; x_wconf 89' lang='lat' dir='ltr'>inter</span> <span class='ocrx_word' id='word_1_137' title='bbox 705 2526 808 2590; x_wconf 84' lang='lat' dir='ltr'>vincla</span> <span class='ocrx_word' id='word_1_138' title='bbox 822 2511 939 2588; x_wconf 71' lang='lat' dir='ltr'>cicufae</span> 
     </span>
     <span class='ocr_line' id='line_1_22' title="bbox 156 2639 804 2720; baseline -0.002 -21"><span class='ocrx_word' id='word_1_139' title='bbox 156 2639 322 2700; x_wconf 87' lang='lat' dir='ltr'>accusatori</span> <span class='ocrx_word' id='word_1_140' title='bbox 336 2640 431 2701; x_wconf 93' lang='lat' dir='ltr'>nollet</span> <span class='ocrx_word' id='word_1_141' title='bbox 445 2641 525 2701; x_wconf 90' lang='lat' dir='ltr'>dare.</span> <span class='ocrx_word' id='word_1_142' title='bbox 569 2640 716 2720; x_wconf 89' lang='lat' dir='ltr'>[plurima</span> <span class='ocrx_word' id='word_1_143' title='bbox 729 2639 804 2699; x_wconf 83' lang='lat' dir='ltr'>felix</span> 
     </span>
    </p>
   </div>
   <div class='ocr_carea' id='block_1_3' title="bbox 156 2751 852 2838">
    <p class='ocr_par' dir='ltr' id='par_1_4' title="bbox 156 2751 852 2838">
     <span class='ocr_line' id='line_1_23' title="bbox 156 2751 852 2838; baseline 0.001 -27"><span class='ocrx_word' id='word_1_144' title='bbox 156 2751 305 2838; x_wconf 87' lang='lat' dir='ltr'>paulatim</span> <span class='ocrx_word' id='word_1_145' title='bbox 320 2752 396 2813; x_wconf 87' lang='lat' dir='ltr'>vitia</span> <span class='ocrx_word' id='word_1_146' title='bbox 410 2762 500 2832; x_wconf 89' lang='lat' dir='ltr'>atque</span> <span class='ocrx_word' id='word_1_147' title='bbox 515 2772 628 2813; x_wconf 86' lang='lat' dir='ltr'>errores</span> <span class='ocrx_word' id='word_1_148' title='bbox 642 2752 727 2814; x_wconf 85' lang='lat' dir='ltr'>exuit</span> <span class='ocrx_word' id='word_1_149' title='bbox 741 2770 852 2825; x_wconf 87' lang='lat' dir='ltr'>omnes,</span> 
     </span>
    </p>
   </div>
   <div class='ocr_carea' id='block_1_4' title="bbox 155 2865 1112 3500">
    <p class='ocr_par' dir='ltr' id='par_1_5' title="bbox 156 2865 952 2946">
     <span class='ocr_line' id='line_1_24' title="bbox 156 2865 952 2946; baseline 0.003 -22"><span class='ocrx_word' id='word_1_150' title='bbox 156 2866 254 2945; x_wconf 90' lang='lat' dir='ltr'>prima</span> <span class='ocrx_word' id='word_1_151' title='bbox 269 2865 355 2926; x_wconf 84' lang='lat' dir='ltr'>docet</span> <span class='ocrx_word' id='word_1_152' title='bbox 369 2875 484 2926; x_wconf 82' lang='lat' dir='ltr'>rectum</span> <span class='ocrx_word' id='word_1_153' title='bbox 499 2867 672 2946; x_wconf 84' lang='lat' dir='ltr'>sapientia]</span> <span class='ocrx_word' id='word_1_154' title='bbox 715 2867 828 2946; x_wconf 89' lang='lat' dir='ltr'>quippe</span> <span class='ocrx_word' id='word_1_155' title='bbox 842 2865 952 2928; x_wconf 86' lang='lat' dir='ltr'>minuti</span> 
     </span>
    </p>

    <p class='ocr_par' dir='ltr' id='par_1_6' title="bbox 155 2979 1112 3174">
     <span class='ocr_line' id='line_1_25' title="bbox 155 2979 1112 3060; baseline 0.003 -20"><span class='ocrx_word' id='word_1_156' title='bbox 155 2999 272 3059; x_wconf 88' lang='lat' dir='ltr'>semper</span> <span class='ocrx_word' id='word_1_157' title='bbox 285 2989 315 3040; x_wconf 91' lang='lat' dir='ltr'>et</span> <span class='ocrx_word' id='word_1_158' title='bbox 328 2979 440 3040; x_wconf 90' lang='lat' dir='ltr'>infirmi</span> <span class='ocrx_word' id='word_1_159' title='bbox 455 2990 498 3041; x_wconf 90' lang='lat' dir='ltr'>est</span> <span class='ocrx_word' id='word_1_160' title='bbox 512 2980 606 3042; x_wconf 84' lang='lat' dir='ltr'>animi</span> <span class='ocrx_word' id='word_1_161' title='bbox 620 2981 783 3060; x_wconf 85' lang='lat' dir='ltr'>exiguique</span> <span class='ocrx_word' id='word_1_162' title='bbox 793 2980 933 3060; x_wconf 87' lang='lat' dir='ltr'>voluptas</span> <span class='ocrx_word' id='word_1_163' title='bbox 990 3015 993 3022; x_wconf 45' lang='lat'><strong>⁴</strong></span> <span class='ocrx_word' id='word_1_164' title='bbox 1055 2981 1112 3044; x_wconf 89' lang='grc'>190</span> 
     </span>
     <span class='ocr_line' id='line_1_26' title="bbox 156 3093 849 3174; baseline 0.003 -22"><span class='ocrx_word' id='word_1_165' title='bbox 156 3093 248 3153; x_wconf 89' lang='lat' dir='ltr'>ultio:</span> <span class='ocrx_word' id='word_1_166' title='bbox 272 3093 415 3154; x_wconf 89' lang='lat' dir='ltr'>continuo</span> <span class='ocrx_word' id='word_1_167' title='bbox 429 3094 472 3154; x_wconf 88' lang='lat' dir='ltr'>sic</span> <span class='ocrx_word' id='word_1_168' title='bbox 486 3094 603 3173; x_wconf 87' lang='lat' dir='ltr'>collige,</span> <span class='ocrx_word' id='word_1_169' title='bbox 617 3093 698 3174; x_wconf 92' lang='lat' dir='ltr'>quod</span> <span class='ocrx_word' id='word_1_170' title='bbox 713 3093 849 3155; x_wconf 87' lang='lat' dir='ltr'>vindicta</span> 
     </span>
    </p>

    <p class='ocr_par' dir='ltr' id='par_1_7' title="bbox 155 3207 1048 3401">
     <span class='ocr_line' id='line_1_27' title="bbox 155 3207 1048 3288; baseline 0 -20"><span class='ocrx_word' id='word_1_171' title='bbox 155 3228 242 3268; x_wconf 93' lang='lat' dir='ltr'>nemo</span> <span class='ocrx_word' id='word_1_172' title='bbox 258 3208 353 3287; x_wconf 87' lang='lat' dir='ltr'>magis</span> <span class='ocrx_word' id='word_1_173' title='bbox 367 3209 479 3287; x_wconf 85' lang='lat' dir='ltr'>gaudet</span> <span class='ocrx_word' id='word_1_174' title='bbox 493 3229 585 3288; x_wconf 93' lang='lat' dir='ltr'>quam</span> <span class='ocrx_word' id='word_1_175' title='bbox 599 3209 720 3270; x_wconf 81' lang='lat' dir='ltr'>femina.</span> <span class='ocrx_word' id='word_1_176' title='bbox 762 3227 817 3268; x_wconf 89' lang='lat' dir='ltr'>cur</span> <span class='ocrx_word' id='word_1_177' title='bbox 830 3218 931 3269; x_wconf 90' lang='lat' dir='ltr'>tamen</span> <span class='ocrx_word' id='word_1_178' title='bbox 946 3207 1000 3269; x_wconf 90' lang='lat' dir='ltr'>hos</span> <span class='ocrx_word' id='word_1_179' title='bbox 1013 3215 1048 3268; x_wconf 90' lang='lat' dir='ltr'>tu</span> 
     </span>
     <span class='ocr_line' id='line_1_28' title="bbox 155 3322 777 3401; baseline -0.002 -19"><span class='ocrx_word' id='word_1_180' title='bbox 155 3322 282 3384; x_wconf 82' lang='lat' dir='ltr'>evasisse</span> <span class='ocrx_word' id='word_1_181' title='bbox 296 3331 391 3400; x_wconf 90' lang='lat' dir='ltr'>putes,</span> <span class='ocrx_word' id='word_1_182' title='bbox 409 3343 482 3401; x_wconf 90' lang='lat' dir='ltr'>quos</span> <span class='ocrx_word' id='word_1_183' title='bbox 497 3324 555 3383; x_wconf 92' lang='lat' dir='ltr'>diri</span> <span class='ocrx_word' id='word_1_184' title='bbox 571 3324 690 3383; x_wconf 89' lang='lat' dir='ltr'>conscia</span> <span class='ocrx_word' id='word_1_185' title='bbox 704 3322 777 3383; x_wconf 85' lang='lat' dir='ltr'>facti</span> 
     </span>
    </p>

    <p class='ocr_par' dir='ltr' id='par_1_8' title="bbox 156 3433 911 3500">
     <span class='ocr_line' id='line_1_29' title="bbox 156 3433 911 3500; baseline 0.009 -7"><span class='ocrx_word' id='word_1_186' title='bbox 156 3455 240 3495; x_wconf 91' lang='lat' dir='ltr'>mens</span> <span class='ocrx_word' id='word_1_187' title='bbox 254 3433 346 3495; x_wconf 86' lang='lat' dir='ltr'>habet</span> <span class='ocrx_word' id='word_1_188' title='bbox 359 3437 502 3497; x_wconf 85' lang='lat' dir='ltr'>attonitos</span> <span class='ocrx_word' id='word_1_189' title='bbox 516 3445 546 3497; x_wconf 88' lang='lat' dir='ltr'>et</span> <span class='ocrx_word' id='word_1_190' title='bbox 560 3436 651 3497; x_wconf 88' lang='lat' dir='ltr'>surdo</span> <span class='ocrx_word' id='word_1_191' title='bbox 666 3436 790 3499; x_wconf 87' lang='lat' dir='ltr'>verbere</span> <span class='ocrx_word' id='word_1_192' title='bbox 804 3437 911 3500; x_wconf 87' lang='lat' dir='ltr'>caedit.</span> 
     </span>
    </p>
   </div>
   <div class='ocr_carea' id='block_1_5' title="bbox 0 0 1272 3796">
    <p class='ocr_par' dir='ltr' id='par_1_9' title="bbox 0 0 1272 3796">
     <span class='ocr_line' id='line_1_30' title="bbox 0 0 1272 3796; baseline 0 0"><span class='ocrx_word' id='word_1_193' title='bbox 0 0 1272 3796; x_wconf 95' lang='lat' dir='ltr'> </span> 
     </span>
    </p>
   </div>
  </div>
 </body>
</html>
