2536 3806
200 209 241 277 76
446 227 486 273 1).
503 227 624 275 rvurr
653 227 900 275 1vvaunu1s

198 385 272 445 haec
286 384 359 445 olim
373 384 467 444 nostri
483 384 548 463 jam
563 383 720 444 luxuriosa
734 392 854 445 senatus

199 518 273 559 cena
286 497 353 557 luit.
395 496 505 557 Curius
520 516 614 576 parvo
629 516 707 575 quae
722 495 836 575 legerat
849 497 936 559 horto

198 610 261 689 ipse
275 609 348 670 focis
362 607 506 669 brevibus
521 606 652 687 ponebat
666 608 833 682 holuscula,
848 630 926 689 quae
935 603 1021 674 ¹nunc

198 724 353 803 squalidus
367 723 399 783 in
414 743 525 802 magna
540 722 656 782 fastidit
671 723 814 801 compede
829 723 930 798 fossor,

198 835 251 914 qui
265 834 410 907 meminit,
425 833 542 894 calidae
556 833 654 912 sapiat
668 833 742 911 quid
758 833 853 895 vulva
867 835 1004 915 popinae.

198 947 268 1008 sicci
283 957 368 1026 terga
381 946 451 1018 suis,
466 966 536 1005 rara
550 944 713 1025 pendentia
728 953 818 1018 crate,

199 1062 289 1121 moris
303 1069 369 1122 erat
382 1060 536 1138 quondam
552 1058 634 1120 festis
649 1078 768 1119 servare
782 1057 888 1121 diebus

198 1182 228 1233 et
241 1172 420 1232 natalicium
435 1171 568 1250 cognatis
584 1190 693 1251 ponere
708 1169 839 1243 lardum,

197 1286 357 1346 accedente
370 1305 458 1357 nova,
473 1285 497 1344 si
511 1305 602 1363 quam
617 1283 711 1344 dabat
726 1285 831 1357 hostia,
845 1291 944 1348 carna.

198 1402 394 1473 cognatorum
409 1368 519 1472 aliquis
534 1392 623 1453 titulo
637 1402 684 1454 ter
698 1393 827 1454 consulis
843 1403 935 1474 atque

197 1518 362 1568 castrorum
376 1506 510 1586 imperiis
524 1515 554 1566 et
567 1506 722 1567 dictatoris
735 1507 847 1568 honore

197 1621 318 1681 functus
332 1620 372 1681 ad
386 1619 441 1680 has
456 1619 560 1698 epulas
575 1619 662 1680 solito
678 1620 825 1682 maturius
840 1621 912 1697 ibat,

196 1743 328 1796 erectum
343 1734 456 1795 domito
471 1733 601 1794 referens
615 1754 634 1793 a
647 1743 748 1794 monte
762 1735 902 1814 ligonem.

196 1869 265 1909 cum
279 1856 440 1909 tremerent
454 1856 555 1908 autem
570 1846 681 1907 Fabios
695 1846 864 1928 durumque
878 1849 1024 1914 Catonem
1116 1857 1154 1918 90

195 1972 226 2024 et
239 1963 367 2023 Scauros
382 1971 411 2022 et
425 1961 590 2034 Fabricios,
605 1972 754 2041 postremo
768 1983 884 2025 seueros
916 2004 920 2010 ,

195 2076 324 2136 censoris
338 2095 436 2135 mores
450 2075 540 2135 ctiam
556 2074 672 2153 collega
687 2076 813 2150 timeret,

194 2211 282 2251 nemo
296 2191 375 2250 iuter
389 2209 476 2249 curas
490 2196 521 2248 et
533 2188 610 2270 seria
624 2188 714 2250 duxit
728 2190 911 2267 habendum,

195 2302 292 2383 qualis
307 2303 338 2362 iu
352 2301 464 2363 Oceani
487 2301 582 2362 fluctu
597 2302 715 2362 testudo
729 2313 856 2378 nataret,

194 2415 311 2478 clarum
325 2414 502 2494 Trojugenis
517 2414 635 2474 factura
649 2424 680 2475 et
692 2415 794 2477 nobile
807 2417 949 2493 fulcrum,

193 2529 245 2590 sed
260 2530 342 2590 nudo
357 2529 451 2588 latere
465 2537 495 2588 et
509 2529 611 2607 parvis
625 2527 707 2589 frons
722 2549 810 2590 aerea
824 2530 908 2592 lectis

194 2645 255 2708 vile
270 2643 404 2704 coronati
419 2651 512 2722 caput
526 2642 702 2704 ostendebat
715 2645 810 2718 aselli,

193 2758 233 2820 ad
248 2757 328 2837 quod
343 2756 449 2818 lascivi
464 2755 610 2817 ludebant
624 2757 702 2818 ruris
716 2757 842 2820 alumni.

193 2873 268 2934 tales
282 2892 353 2951 ergo
367 2870 435 2944 cibi,
451 2870 549 2950 qualis
564 2872 670 2932 domus
684 2881 775 2950 atquc
788 2873 934 2953 supellex.

193 2995 266 3047 tunc
280 2984 363 3044 rudis
378 2993 408 3044 et
422 2982 531 3045 Graias
545 2984 648 3044 mirari
665 2986 781 3046 nescius
796 2996 874 3047 artes

193 3098 318 3160 urbibus
332 3098 441 3159 eversis
455 3098 634 3177 praedarum
651 3099 681 3158 in
696 3108 782 3178 parte
796 3110 915 3180 reperta

193 3231 370 3291 magnorum
385 3211 535 3271 artificum
550 3211 708 3290 frangebat
722 3213 831 3292 pocula
846 3214 939 3289 miles,

193 3333 227 3384 ut
241 3323 373 3402 phaleris
389 3323 535 3401 gauderet
548 3343 624 3396 ecus,
640 3324 815 3404 caelataque
829 3327 918 3387 cassis

190 3417 360 3498 Romuleae
373 3433 536 3495 simulacra
549 3435 629 3497 ferae
644 3458 848 3501 mansuescere
863 3442 965 3521 jussae
