2536 3806
509 283 682 330 SATVRA
711 284 774 331 IV.

157 461 231 519 ergo
245 440 277 500 in
293 439 451 500 eonsilium
466 459 611 519 proceres,
626 459 699 519 quos
713 439 818 500 oderat
833 439 894 514 ille,

157 553 191 613 in
206 574 335 633 quorum
349 553 427 614 faeie
440 553 566 613 miserae
579 572 766 632 magnaeque
779 553 902 614 sedebat

156 666 259 746 pallor
273 665 432 727 amicitias.
476 665 600 745 primus,
615 665 765 726 clamante
783 665 920 727 Liburno

156 782 296 855 ‘currite’
306 783 372 861 istm
386 780 497 842 seditl'
519 789 608 859 rapta
622 779 804 859 properabat
818 781 920 842 abolla

156 889 299 970 Pegasus,
314 891 460 951 attonitae
474 890 589 969 positus
604 890 692 950 modo
709 890 817 951 vilicus
832 891 917 964 urbi;

154 1003 334 1095 annewaliud
349 1012 422 1064 tuno
435 1002 600 1082 praefecti?
620 1023 749 1082 quorum
764 1005 895 1083 optimus
909 1015 1000 1084 atque

154 1118 304 1196 interpres
317 1116 419 1196 legum
433 1116 646 1190 sanctissimus,
661 1118 772 1190 omnia,
788 1139 972 1199 quamquam

155 1230 342 1310 temporibus
356 1229 439 1303 diris,
454 1231 615 1291 tractanda
631 1230 761 1310 putabat
774 1231 882 1291 inermi

157 1343 288 1423 justitia.
330 1342 458 1406 renitet
473 1343 572 1422 Crispi
583 1343 722 1424 jucunda
735 1354 879 1418 senectus,

153 1457 241 1536 cujus
256 1465 342 1517 erant
355 1476 452 1516 mores
466 1456 564 1535 qualis
578 1456 730 1528 facundia,
745 1457 818 1518 mite

153 1570 321 1648 ingenium.
363 1569 460 1629 maria
475 1590 511 1630 ao
525 1579 620 1630 terras
635 1569 821 1650 populosque
835 1572 950 1650 regenti

152 1684 222 1765 quis
238 1705 335 1745 eomes
348 1684 461 1755 utilior,
476 1684 502 1744 si
517 1683 604 1744 clade
619 1693 650 1744 et
663 1694 745 1763 peste
758 1683 814 1744 sub
829 1685 884 1745 illa

151 1797 313 1857 saevitiam
328 1797 473 1857 damnare
488 1805 519 1857 et
533 1796 692 1859 honestum
708 1797 825 1858 adferre
839 1797 943 1857 liceret

151 1908 335 1969 eonsilium?
355 1907 408 1968 sed
422 1907 496 1988 quid
510 1906 673 1969 violentius
687 1928 760 1968 aure
774 1907 905 1986 tyranni,

150 2043 225 2084 cum
240 2022 350 2101 quode
364 2021 477 2101 pluviis
493 2031 546 2082 ant
560 2021 692 2084 aestibus
707 2030 761 2082 aut
775 2020 910 2082 nimboso

150 2156 226 2198 vere
239 2135 369 2196 locuturi
384 2135 481 2195 fatum
497 2135 648 2214 pendebat
661 2135 772 2196 amini?

150 2250 209 2310 ille
222 2250 315 2330 igitur
328 2271 494 2329 numquam
509 2250 622 2311 direxit
635 2250 777 2311 bracchia
791 2260 896 2311 eontra

150 2372 327 2437 torrentem,
342 2385 396 2424 nee
411 2364 485 2425 civis
500 2372 565 2424 erat
580 2365 632 2444 qui
647 2364 742 2425 libera
756 2373 854 2444 posset

151 2472 250 2535 verba
262 2474 356 2533 animi
370 2474 503 2553 proferre
517 2482 548 2534 et
561 2473 657 2535 vitam
671 2474 833 2553 inpendere
846 2494 918 2536 vero

149 2584 198 2644 sie
211 2584 322 2645 multas
336 2585 448 2646 hiemes
462 2594 554 2664 atque
568 2584 769 2663 octogensima
782 2583 861 2645 vidit

149 2700 291 2774 solstitia,
305 2701 352 2761 his
366 2702 458 2762 armis
471 2701 528 2762 illa
541 2721 660 2781 quoquo
673 2709 757 2762 tutus
771 2700 803 2760 in
816 2700 896 2761 aula.

149 2815 311 2897 proximus
325 2815 457 2895 ejusdem
473 2815 657 2895 properabat
671 2813 791 2875 Acilius
805 2815 882 2887 aevi,

150 2949 224 2989 curn
234 2929 346 3007 juvene
360 2929 485 3009 indigno
500 2950 589 3010 quern
605 2949 684 2990 mors
698 2937 762 2990 tarn
776 2949 866 2990 saeva
879 2938 1016 2989 maneret
1074 2929 1112 2988 95

149 3053 184 3105 et
198 3043 311 3103 domini
325 3043 435 3123 gladiis
450 3053 513 3105 tam
528 3045 688 3106 festinata:
709 3043 760 3104 sed
775 3042 848 3103 olim

148 3157 290 3238 prodigio
304 3177 361 3236 par
374 3166 418 3218 est
431 3158 462 3218 in
476 3158 636 3220 nobilitate
648 3166 792 3230 senectus,

149 3269 234 3331 unde
246 3270 281 3330 fit
294 3278 329 3330 ut
342 3271 448 3330 malim
462 3271 642 3331 fraterculus
657 3291 718 3331 esse
731 3269 870 3349 gigantis.

148 3383 267 3465 profuit
280 3403 351 3462 ergo
365 3383 443 3443 nihil
458 3384 575 3457 misero,
589 3383 670 3463 quod
685 3382 853 3444 comminus
866 3403 950 3444 ursos

147 3494 264 3576 figebat
277 3493 428 3557 Numidas
441 3494 566 3558 Aibana
579 3495 679 3556 nudus
693 3496 807 3557 harena
1053 3495 1111 3554 100

260 3593 278 3644 3
286 3616 319 3628 -
328 3591 348 3644 J
348 3609 393 3645 ur.
