2536 3806
541 227 713 273 SATVRA
743 227 783 274 V.

179 383 256 444 dum
269 383 354 445 venit
368 381 478 444 excelsi
492 382 633 443 manibus
646 382 767 444 sublata
781 383 928 444 ministri:

178 496 233 556 sed
248 496 304 556 tibi
318 496 444 557 dimidio
459 494 636 556 constrictus
650 515 820 556 cammarus
834 516 892 558 ovo

178 609 312 688 ponitur,
329 610 441 689 exigua
455 609 557 670 feralis
571 628 645 668 cena
659 607 782 687 patella.

178 721 245 800 ipse
258 722 436 783 Venafrano
456 722 568 801 piscem
582 720 755 801 perfundit;
777 729 809 782 at
823 722 873 782 hic
887 722 939 802 qui

177 835 313 914 pallidus
327 835 451 895 affertur
464 834 572 894 misero
586 833 643 894 tibi
658 831 753 894 caulis
767 832 861 896 olebit

177 948 368 1008 lanternam:
390 946 468 1007 illud
483 947 562 1008 enim
577 945 683 1007 vestris
698 945 789 1008 datur
801 945 936 1020 alveolis,
951 947 1032 1026 quod

177 1081 278 1120 canna
292 1059 491 1139 Micipsarum
506 1079 597 1138 prora
610 1057 753 1120 subvexit
767 1068 865 1131 acuta,

177 1171 396 1252 propterquod
411 1170 527 1230 Romae
542 1189 610 1229 cum
626 1167 759 1228 Boccare
773 1188 860 1228 nemo
875 1168 1006 1244 lavatur,
1101 1169 1140 1230 90

180 1286 276 1365 [quod
290 1294 371 1346 tutos
385 1284 476 1344 etiam
491 1283 566 1346 facit
579 1303 598 1343 a
612 1281 800 1361 serpentibus
814 1283 911 1359 atris]

177 1399 292 1459 mullus
306 1398 364 1458 erit
378 1397 503 1470 domini,
518 1417 607 1476 quem
622 1395 704 1456 misit
719 1395 840 1460 corsica
854 1395 903 1457 vel
918 1416 1007 1476 quem

177 1509 452 1571 Tauromenitanae
468 1529 566 1588 rupes,
581 1508 702 1588 quando
717 1528 805 1568 omne
818 1518 975 1586 peractum
989 1516 1034 1572 eat

176 1627 283 1707 etjam
298 1624 407 1686 defecit
421 1633 558 1686 nostrum
574 1644 665 1697 mare,
681 1623 755 1684 dum
769 1623 842 1703 gula
856 1624 962 1697 saevit,

177 1735 293 1797 retibus
307 1734 434 1796 assiduis
449 1733 569 1812 penitus
585 1740 738 1793 scrutante
753 1732 880 1793 macello
1102 1731 1140 1792 95

176 1850 327 1930 proxima,
342 1869 397 1909 nec
411 1848 546 1928 patimur
561 1847 752 1928 Tyrrhenum
768 1867 898 1908 crescere
912 1847 1032 1927 piscem.

176 1959 300 2020 instruit
314 1979 384 2038 ergo
399 1959 500 2020 focum
515 1958 682 2037 provincia,
697 1958 827 2018 sumitur
841 1957 927 2021 illinc

176 2073 259 2153 quod
273 2081 411 2152 captator
425 2082 506 2133 emat
521 2073 649 2145 Laenas,
663 2071 794 2133 Aurelia
808 2072 928 2136 vendat

176 2185 304 2248 Virroni
318 2207 464 2248 muraena
478 2186 578 2259 datur,
594 2207 672 2266 quae
685 2186 821 2246 maxima
834 2185 919 2247 venit

176 2298 297 2377 gurgite
312 2298 349 2359 de
362 2297 482 2370 Siculo;
504 2318 575 2358 nam
592 2297 664 2358 dum
679 2318 710 2358 se
728 2271 861 2360 continet
875 2298 996 2373 Auster,
1080 2297 1137 2359 100

176 2411 251 2471 dum
266 2412 348 2472 sedet
362 2421 392 2474 et
406 2412 498 2472 siccat
513 2411 652 2472 madidas
667 2411 697 2470 in
714 2431 832 2474 carcere
846 2411 963 2489 pinnas,

177 2533 374 2585 contemnunt
388 2525 517 2584 mediam
533 2524 693 2587 temeraria
708 2523 772 2583 lina
786 2522 992 2602 Charybdim:

176 2659 230 2700 vos
245 2637 382 2717 anguilla
396 2646 506 2710 manet,
521 2637 630 2716 longae
644 2646 773 2716 cognata
786 2635 936 2709 colubrae,

176 2761 231 2813 aut
244 2751 341 2831 glacie
356 2771 491 2830 aspersus
507 2751 634 2812 maculis
649 2750 819 2823 Tiberinus,
833 2759 863 2810 et
877 2750 940 2829 ipse

176 2866 305 2928 vernula
319 2867 463 2945 riparum,
481 2867 600 2946 pinguis
615 2875 748 2927 torrente
763 2866 875 2938 cloaca,
1077 2866 1135 2928 105

176 2990 207 3042 et
220 2981 324 3041 solitus
338 2980 455 3041 mediae
470 2990 608 3061 cryptam
623 2991 782 3062 penetrare
796 2979 941 3042 Suburae.

217 3092 280 3172 Ipsi
294 3112 393 3172 pauca
407 3092 510 3165 velim,
525 3093 644 3154 facilem
659 3095 684 3155 si
699 3093 842 3173 praebeat
857 3114 969 3154 aurem.

177 3209 281 3266 ‘nemo
295 3204 380 3283 petit,
395 3204 520 3265 modicis
535 3227 611 3285 quae
626 3206 825 3267 mittebantur
839 3207 943 3266 amicis

177 3320 330 3393 aSeneoa,
345 3339 422 3398 quae
436 3318 505 3380 Piso
520 3320 624 3394 bonus,
639 3342 717 3400 quae
731 3321 820 3382 Cotta
834 3321 949 3382 solebat

176 3430 300 3510 largiri;
323 3429 468 3510 (namque
483 3439 513 3491 et
527 3431 623 3491 titulis
637 3441 667 3491 et
680 3430 811 3492 fascibus
825 3431 898 3492 oiim
1077 3430 1135 3498 110
