2536 3806
490 210 663 259 SATVRA
691 213 757 258 xl.

136 368 191 449 qui
205 377 323 431 vertere
336 365 444 442 solum,
459 366 551 428 Baias
565 368 649 428 etad
663 375 761 430 ostrea
775 376 910 430 currunt.
955 344 958 352 ¹

135 480 243 542 cedere
257 500 387 559 namque
400 479 467 540 foro
481 480 548 559 jam
561 500 622 540 non
637 489 682 540 est
695 480 826 541 deterius
840 500 932 560 quam

135 593 292 673 Esquilias
306 614 325 653 a
339 593 468 656 ferventi
482 593 613 672 migrare
627 593 756 654 Subura.

134 705 191 766 illc
204 705 292 765 dolor
305 706 385 765 solus
399 704 531 784 patriam
545 704 740 783 fugientibus,
755 704 812 765 illa

134 818 289 880 maestitia
303 825 356 891 est,
370 818 502 879 caruisse
515 837 595 879 anno
610 817 791 879 circensibus
805 838 875 880 uno.

134 933 293 1012 sanguinis
306 933 338 993 in
352 932 429 993 facie
443 953 505 993 non
518 932 622 993 haeret
635 941 739 1012 gutta;
760 941 917 995 morantur

134 1045 228 1125 pauci
243 1045 405 1105 ridiculum
420 1053 450 1105 et
464 1044 630 1123 fugientem
644 1065 682 1106 ex
697 1044 772 1106 urbe
784 1045 941 1125 pudorem.

177 1158 346 1238 Experiere
359 1157 457 1231 hodie,
471 1159 619 1238 numquid
634 1158 839 1239 pulcherrima
852 1158 946 1234 dictu,
1054 1167 1056 1172 ’

135 1272 266 1346 Persice,
280 1293 340 1334 non
355 1282 503 1353 praestem
518 1273 584 1334 vita
598 1273 647 1334 vel
662 1272 796 1334 moribus
810 1281 840 1358 et
854 1293 896 1347 re,

134 1387 161 1448 si
176 1386 298 1447 laudem
314 1385 438 1466 siliquas
453 1386 588 1447 occultus
601 1406 706 1466 ganeo,
721 1386 821 1466 pultes

135 1520 239 1561 coram
254 1499 322 1561 aliis
336 1499 446 1560 dictem
462 1497 564 1579 puero,
578 1499 629 1560 sed
644 1500 675 1559 in
690 1520 763 1560 aure
776 1498 941 1579 placentas.

135 1633 209 1673 nam
224 1632 293 1672 cum
307 1611 347 1673 sis
362 1611 491 1673 conviva
505 1612 580 1671 mihi
594 1613 765 1691 promissus,
780 1612 905 1674 habebis
1043 1589 1045 1594 ,

135 1726 328 1800 Euandrum,
342 1727 444 1788 venies
458 1725 637 1806 Tirynthius
650 1735 706 1787 aut
718 1727 817 1788 minor
830 1727 885 1789 illo

135 1843 252 1922 hospes,
267 1851 297 1904 et
312 1842 375 1921 ipse
389 1849 490 1902 tamen
505 1841 680 1920 contingens
693 1842 839 1921 sanguine
853 1841 982 1917 caelum,

135 1955 215 2016 alter
228 1956 322 2035 aquis,
337 1954 415 2015 ulter
429 1953 559 2014 flammis
573 1953 613 2014 ad
627 1954 726 2014 sidera
740 1954 854 2016 missus.

135 2069 252 2132 fercula
267 2089 348 2129 nunc
362 2069 436 2129 audi
451 2068 544 2128 nullis
558 2077 666 2129 ornata
680 2068 823 2130 macellis.

135 2184 174 2244 de
188 2182 350 2244 Tiburtino
363 2182 466 2245 veniet
478 2183 692 2262 pinguissimus
706 2203 780 2261 agro

135 2296 285 2358 haedulus
300 2306 331 2356 et
344 2304 406 2356 toto
420 2315 511 2375 grege
524 2294 654 2368 mollior,
668 2295 779 2356 inscius
793 2295 913 2369 herbae,

134 2410 265 2472 necdum
279 2429 369 2470 ausus
383 2409 485 2488 virgas
499 2408 624 2470 humilis
638 2409 775 2470 mordere
788 2409 896 2483 salicti,

134 2522 188 2604 qui
202 2522 271 2603 plus
285 2522 372 2583 lactis
387 2522 479 2583 habet
493 2542 584 2601 quam
600 2521 764 2600 sanguinis,
779 2530 808 2582 et
822 2521 959 2583 montani

134 2634 283 2714 asparagi,
297 2634 394 2712 posito
408 2653 482 2713 quos
496 2633 570 2712 legit
584 2633 676 2695 vilica
690 2632 773 2706 fuso;

133 2744 264 2825 grandia
278 2754 433 2824 praeterea
448 2753 586 2823 tortoque
600 2743 731 2804 calentia
744 2743 832 2804 faeno

133 2877 192 2919 ova
206 2856 318 2916 adsunt
330 2855 402 2934 ipsis
416 2875 485 2916 cum
500 2854 655 2929 matribus,
670 2863 700 2916 et
713 2865 850 2917 servatae

132 2976 220 3048 parte
233 2967 306 3028 anni
321 2967 424 3046 quales
438 2966 561 3028 fuerant
574 2967 605 3027 in
619 2967 732 3029 vitibus
746 2987 833 3041 uvae,

132 3081 293 3161 Signinum
308 3080 490 3160 Syriumque
504 3080 614 3159 pirum,
629 3080 667 3141 de
681 3081 821 3142 corbibus
835 3080 931 3143 isdem

133 3192 254 3254 aemula
267 3193 387 3253 Picenis
401 3201 431 3252 et
445 3192 544 3252 odoris
559 3193 640 3253 mala
655 3193 791 3266 recentis,

132 3327 188 3368 nec
202 3306 365 3368 metuenda
378 3306 444 3379 tibi,
459 3306 605 3367 siccatum
619 3307 732 3386 frigore
746 3317 905 3387 postquam

131 3430 313 3488 autumnum
328 3429 358 3481 et
372 3420 459 3481 crudi
472 3439 597 3499 posuere
611 3418 748 3500 pericula
761 3421 833 3482 suci.
