2536 3806
477 241 650 288 ssrvns
678 243 752 290 111.
1053 227 1096 290 25

55 387 57 392 ¹
134 395 284 474 majestas,
299 396 482 477 tandemque
496 398 575 458 redit
589 399 627 458 ad
643 399 764 478 pulpita
778 409 885 460 notum

134 509 288 582 exodium,
304 528 373 570 curn
388 531 532 590 personae
546 511 688 590 pallentis
703 514 821 573 hiatum
1037 513 1096 574 175

133 621 168 678 in
181 623 296 699 gremio
312 622 416 682 matris
430 623 575 684 formidat
589 625 717 684 rusticus
734 625 842 698 infans,

133 733 275 810 aequales
290 734 412 794 habitus
426 734 490 795 illic
504 735 675 816 similesque
689 736 806 797 videbis

133 844 318 905 orchestram
333 855 364 906 et
378 847 542 926 populum;
564 847 639 907 clari
654 848 791 909 velamen
806 848 928 909 honoris

133 956 289 1018 sufficiunt
303 959 424 1020 tunicae
438 961 563 1020 summis
577 960 726 1021 aedilibus
740 961 836 1022 albas.

133 1070 185 1130 hic
199 1069 281 1131 ultra
295 1073 373 1134 vires
388 1074 510 1135 habitus
524 1076 613 1150 nitor,
628 1077 678 1136 hic
692 1077 808 1156 aliquid
823 1077 892 1157 plus
1038 1077 1097 1140 180

133 1201 227 1260 quam
240 1183 313 1242 satis
326 1193 370 1244 est
384 1185 537 1246 interdum
551 1187 652 1247 aliena
666 1188 795 1248 sumitur
809 1209 888 1250 arca

133 1315 294 1355 commune
307 1295 339 1356 id
352 1296 463 1358 vitium
476 1307 529 1371 est,
544 1298 594 1359 hic
607 1299 739 1360 vivimus
753 1299 913 1362 ambitiosa

132 1416 314 1487 paupertate
327 1429 438 1470 omnes.
480 1411 554 1490 quid
568 1420 598 1472 te
611 1413 732 1473 moror?
752 1414 854 1473 omnia
868 1413 984 1476 Romae

133 1542 204 1583 cum
220 1522 324 1601 prctio.
366 1524 440 1603 quid
453 1524 517 1597 das,
529 1535 563 1585 ut
577 1525 702 1586 Cossum
716 1525 881 1606 aliquando
894 1527 1027 1590 salutes?

133 1641 170 1691 ut
185 1641 215 1691 te
230 1631 369 1710 respiciat
383 1631 485 1693 clauso
500 1633 630 1694 Veiento
644 1634 778 1695 labello?
847 1707 854 1720 ·
1039 1638 1097 1698 185

134 1746 188 1806 ille
203 1745 290 1805 metit
305 1745 440 1819 barbam,
454 1747 568 1807 crinem
583 1748 633 1808 hic
648 1748 772 1827 deponit
785 1749 889 1824 amati,

133 1858 227 1938 plena
241 1858 347 1918 domus
360 1857 430 1918 libis
444 1859 611 1920 venalibus.
655 1861 758 1940 accipe
771 1871 801 1922 et
816 1861 897 1922 istud

133 1971 318 2032 fermentum
335 1971 391 2032 tibi
411 1972 498 2046 habe,
518 1983 672 2052 praestare
684 1975 801 2036 tributa
815 1976 938 2036 clientes

134 2085 274 2163 cogimur
287 2092 317 2144 et
331 2084 420 2145 cultis
434 2105 544 2165 augere
558 2087 678 2166 peculia
692 2089 794 2150 servis

176 2198 255 2276 Quis
269 2198 355 2258 timet
368 2212 423 2259 aut
436 2199 539 2259 timuit
552 2201 654 2279 gelida
668 2201 829 2263 Praeneste
843 2203 973 2276 ruinam,
1040 2203 1098 2264 190

136 2321 191 2374 aut
204 2312 309 2391 positis
323 2332 479 2373 nemorosa
492 2313 571 2374 inter
580 2315 657 2394 juga
672 2315 827 2390 Volsiniis,
842 2325 897 2377 aut

135 2424 324 2504 simplicibus
338 2423 454 2498 Gabiis,
469 2435 523 2486 aut
537 2427 624 2505 proni
639 2427 760 2488 Tiburis
774 2430 865 2489 arce?

136 2559 190 2599 nos
203 2538 310 2620 urbem
324 2538 451 2598 colimus
465 2539 549 2599 tonui
566 2539 690 2601 tibicine
705 2541 815 2602 fultam

137 2672 249 2731 magna
263 2661 349 2730 parte
363 2652 426 2712 sui:
448 2673 520 2712 nam
533 2653 576 2713 sic
591 2652 762 2715 labentibus
776 2655 876 2716 obstat

136 2764 254 2837 vilicus,
269 2772 307 2837 et,
321 2764 431 2825 veteris
445 2765 539 2826 rimae
554 2785 622 2826 cum
638 2767 715 2827 texit
729 2767 857 2841 hiatum,
1040 2768 1098 2829 195

136 2900 254 2941 securos
268 2878 418 2958 pendente
430 2879 519 2960 jubet
535 2880 666 2941 dormire
681 2882 777 2943 ruina.
1054 2857 1058 2864 .

136 2991 301 3054 vivendum
316 2991 447 3066 estillic,
463 2992 516 3053 ubi
531 2992 618 3053 nulla
632 2993 780 3068 incendia,
796 2995 875 3055 nulli

136 3115 222 3166 nocte
233 3113 339 3166 metus.
363 3106 429 3184 jam
441 3107 536 3185 poscit
547 3126 667 3186 aquam,
675 3107 741 3185 jam
752 3106 864 3168 frivola
874 3107 1017 3194 transfert

136 3217 302 3298 Ucalegon,
318 3219 457 3280 tabulata
471 3220 527 3280 tibi
542 3221 608 3299 jam
623 3220 713 3281 tertia
727 3220 857 3295 fumant,

137 3340 170 3390 tu
183 3333 295 3393 nescis:
317 3334 427 3416 namsi
441 3334 585 3413 gradibus
600 3333 772 3412 trepidatur
785 3333 824 3395 ab
839 3334 916 3410 imis,
1038 3334 1097 3394 200

138 3444 261 3506 ultimus
276 3445 403 3519 ardebit,
418 3467 507 3526 quem
522 3446 625 3524 tegula
638 3446 703 3507 sola
717 3455 820 3508 tuctur

603 3539 625 3592 C
