2536 3806
168 216 208 277 16
417 227 455 274 u.
474 227 596 274 rvnrr
625 226 874 274 rvvnusurs

165 396 195 447 et
209 385 343 448 maribus
358 384 455 445 nudas
471 382 600 443 ostendit
614 382 713 461 Pyrra
726 383 853 462 puellas,

166 501 313 581 quidquid
328 507 423 578 agunt
437 497 581 571 homines,
596 505 710 569 votum,
725 497 825 571 timor,
839 499 894 572 ira,
908 499 1056 582 voluptas,
1082 505 1123 563 85
1170 475 1179 492 ο

66 659 72 680 .
165 618 286 697 gaudia,
301 616 459 688 discursus,
475 613 569 674 nostri
584 613 704 692 farrago
720 613 817 674 libelli
833 624 884 677 est.

166 740 195 791 et
209 731 330 810 quando
345 729 465 789 uberior
479 727 623 788 vitiorum
639 727 746 806 copia?
766 722 887 808 quan'do

167 845 262 923 major
275 843 422 904 avaritiae
436 841 536 921 patuit
550 841 653 900 sinus?
674 841 741 902 alea
755 843 876 922 quando

166 958 220 1016 hos
234 956 370 1016 animos?
390 954 580 1034 nequeenim
596 953 702 1013 loculis
717 956 929 1020 comitantibus
943 958 1006 1021 itur

166 1070 206 1130 ad
220 1089 322 1130 casum
335 1067 467 1140 tabulas,
482 1066 579 1146 posita
593 1066 644 1128 sed
659 1066 777 1128 luditur
790 1087 869 1130 arca.
1088 1073 1124 1132 90

166 1182 281 1263 proelia
295 1191 409 1263 quanta
423 1181 486 1242 illic
501 1181 705 1261 dispensatore
719 1182 835 1245 videbis

167 1297 330 1374 armigero!
351 1295 519 1374 simplexne
532 1295 617 1355 furor
629 1297 763 1356 sestertia
778 1305 898 1358 centum

167 1407 299 1485 perdere,
314 1414 344 1465 et
357 1404 491 1465 horrenti
505 1405 639 1466 tunicam
655 1425 715 1465 non
731 1407 854 1466 reddere
868 1409 975 1470 servo?

167 1521 233 1601 quis
248 1519 372 1580 totidem
386 1518 482 1578 erexit
496 1518 595 1592 villas,
610 1519 677 1598 quis
693 1519 808 1580 fercula
822 1529 936 1599 septem
1006 1569 1013 1585 .

165 1642 277 1693 secreto
292 1631 410 1692 cenavit
424 1631 520 1694 avus?
542 1651 624 1694 nunc
638 1633 774 1712 sportula
788 1636 885 1712 primo
1086 1636 1125 1696 95

167 1746 271 1806 limine
284 1765 379 1825 parva
393 1745 483 1816 sedet,
498 1744 606 1806 turbae
620 1719 765 1824 rapienda
779 1755 915 1828 togatae:

166 1859 219 1918 ille
233 1867 334 1918 temen
347 1857 454 1919 faciem
469 1857 553 1937 prius
567 1857 688 1937 inspicit
702 1867 731 1921 et
745 1859 887 1938 trepidat,
902 1879 941 1922 ne

166 1968 336 2048 suppositus
350 1968 452 2028 venias
467 1989 502 2029 ac
516 1967 592 2028 falso
607 1969 727 2029 nomine
740 1989 852 2049 poscae.

89 2128 90 2138 ,
166 2083 286 2162 agnitus
301 2080 436 2160 accipies.
473 2080 560 2162 jubet
574 2101 593 2140 a
607 2101 753 2159 praecone
767 2081 870 2142 vocari

166 2197 244 2274 ipsos
258 2194 441 2273 Trojugenas
458 2200 544 2272 (nam
558 2202 672 2254 vexant
686 2192 778 2254 limen
792 2202 822 2254 et
836 2193 893 2274 ipsi
1065 2195 1124 2256 100

166 2307 353 2381 nobiscum):
376 2307 433 2366 ‘da
451 2305 591 2393 praetori,
606 2307 646 2367 da
661 2306 768 2368 deinde
782 2307 923 2368 tribuno!

166 2419 217 2480 sed
232 2419 389 2480 libertinus
404 2417 486 2498 prior
500 2426 551 2478 est.
588 2417 704 2497 ‘prior,'
719 2418 826 2498 inquit,
842 2423 913 2498 ‘ego
927 2419 1043 2482 adsum.

166 2552 220 2594 cur
235 2532 356 2594 timeam
371 2529 545 2591 dubitemve
558 2528 658 2590 locum
673 2529 840 2603 defendere,
855 2532 995 2611 quamvis

166 2655 255 2707 natus
268 2645 308 2706 ad
323 2643 511 2724 Euphraten,
525 2641 631 2703 molles
645 2643 725 2723 quod
739 2643 771 2703 in
786 2663 859 2704 aure
873 2643 1021 2705 fenestrae

166 2757 330 2838 arguerint,
344 2755 416 2818 licet
429 2754 492 2834 ipse
504 2755 632 2834 negem?
652 2755 704 2816 sed
718 2755 851 2837 quinque
864 2756 1008 2818 tabernae
1063 2758 1122 2820 105

166 2870 387 2952 quadringenta
401 2877 519 2948 parant.
561 2869 634 2948 quid
649 2870 764 2931 confert
777 2890 914 2948 purpura
927 2871 1026 2951 major

166 2983 343 3063 optandum,
357 2981 382 3042 si
396 2981 544 3043 Laurenti
558 2983 689 3044 custodit
702 2984 734 3044 iu
748 3003 822 3062 agro

166 3095 329 3157 conductas
343 3093 492 3156 Corvinus
506 3114 585 3167 oves,
600 3115 654 3176 ego
668 3095 803 3175 possideo
816 3095 886 3175 plus

166 3206 309 3270 Pallante
322 3216 352 3268 et
367 3207 481 3268 Licinis
490 3206 520 3266 l'
542 3218 717 3289 exspectent
731 3229 801 3288 ergo
815 3210 940 3284 tribuni,

107 3295 110 3302 .
166 3320 291 3384 vincant
305 3319 439 3393 divitiae,
454 3339 538 3380 sacro
552 3341 590 3380 ne
605 3322 692 3381 cedat
705 3321 813 3381 honori
887 3309 888 3312 Ἴ
1068 3324 1128 3388 110

166 3453 263 3512 nuper
276 3433 308 3494 in
322 3433 401 3495 hanc
416 3430 521 3495 urbem
535 3433 662 3513 pedibus
676 3434 728 3516 qui
742 3444 866 3498 venerat
880 3435 957 3499 albis
969 3458 976 3512 3
