2536 3806
201 222 244 285 44
445 242 623 290 n.1vu11
651 244 899 291 IVVENAms

200 417 253 456 nos
268 405 369 456 tamen
383 397 441 458 hoc
454 397 582 477 agimus,
596 401 741 479 tenuique
754 401 787 460 in
801 402 927 481 pulvere
940 402 1038 466 sulcos

199 510 345 585 ducimus,
360 521 390 571 et
404 512 476 572 litus
490 513 585 573 sterili
599 533 753 575 versamus
767 524 876 578 aratro.

197 643 269 681 nam
283 623 308 683 si
322 623 465 698 discedas,
480 624 587 705 laqueo
602 635 684 704 tenet
698 626 849 687 ambitiosi

197 737 380 798 consuetudo
394 737 476 811 mali,
491 748 573 800 tenet
586 741 754 804 insanabile
767 743 877 804 multos
939 791 941 793 -

196 846 346 908 scribendi
360 849 513 911 cacoethes
527 859 558 911 et
572 871 661 930 aegro
675 852 708 910 in
723 853 811 912 corde
824 855 958 916 senescit.

195 961 247 1021 sed
260 971 361 1023 vatem
377 964 539 1043 egregium,
554 966 603 1026 cui
617 985 679 1026 non
692 966 731 1026 sit
744 966 868 1045 publica
881 988 968 1042 vena,

195 1076 246 1154 qui
261 1075 338 1136 nihil
354 1079 524 1158 expositum
540 1079 634 1141 soleat
648 1081 803 1172 deducere,
817 1103 872 1143 nec
886 1083 938 1163 qui

193 1191 347 1250 communi
361 1191 450 1252 feriat
464 1213 584 1252 carmen
600 1193 720 1255 triviale
734 1204 863 1268 moneta,
1115 1203 1153 1263 55

193 1301 283 1375 hunc,
298 1305 417 1382 qualem
432 1325 546 1385 nequeo
561 1317 726 1367 monstrare
735 1318 769 1368 ct
783 1310 877 1371 sentio
891 1319 1020 1386 tantum,

193 1413 346 1474 anxietate
360 1435 463 1474 carens
478 1416 595 1476 animus
609 1417 691 1491 facit,
705 1421 801 1480 omnis
815 1421 915 1482 acerbi

192 1527 360 1606 impatiens,
377 1529 503 1609 cupidus
518 1531 664 1593 silvarum
680 1543 827 1616 aptusque
842 1536 978 1598 bibendis

192 1639 324 1701 fontibus
339 1641 503 1704 Aonidum.
545 1649 736 1725 nequeenim
750 1660 873 1711 cantare
886 1651 942 1712 sub
956 1660 1043 1714 antro

191 1753 290 1814 Pierio
304 1755 502 1838 thyrsumque
516 1769 613 1839 potest
628 1767 800 1845 contingere
814 1778 927 1829 maesta
1110 1773 1149 1834 60

190 1877 351 1946 paupertas
364 1880 456 1951 atque
470 1873 546 1933 aeris
560 1875 655 1955 inope,
670 1899 730 1957 quo
744 1890 831 1942 nocte
845 1883 952 1963 dieque

190 2001 296 2061 corpus
310 1992 384 2062 eget.
426 1995 511 2046 satur
525 1998 576 2063 est,
593 2011 660 2050 cum
676 1993 750 2054 dicit
763 1994 911 2057 Horatius
926 1998 1038 2059 ‘euhoe
1047 1999 1072 2058 l'

189 2094 241 2173 qui
256 2095 338 2158 locus
352 2099 481 2178 ingenio,
496 2103 554 2163 nisi
569 2125 637 2165 cum
652 2127 682 2167 se
697 2109 829 2172 carmine
842 2110 905 2172 solo

188 2221 302 2272 vexant
316 2223 346 2274 et
360 2215 488 2276 dominis
504 2217 608 2280 Oirrae
622 2221 783 2304 Nysaeque
797 2226 936 2288 feruntur

189 2333 310 2402 pectora
324 2337 433 2403 vestra,
449 2330 524 2391 duas
539 2353 600 2392 non
615 2335 806 2398 admittentia
821 2341 928 2400 curas?
1105 2342 1142 2403 65

187 2453 314 2512 magnae
328 2440 435 2499 mentis
449 2461 523 2520 opus
537 2463 592 2504 neo
606 2445 643 2505 de
657 2445 753 2507 lodice
767 2450 904 2527 paranda

186 2548 340 2621 attonitae,
356 2571 460 2612 currus
474 2563 504 2614 et
518 2575 608 2636 equos
622 2557 771 2640 faciesque
786 2561 908 2622 deorum

186 2658 317 2738 aspicere
331 2671 361 2722 et
375 2664 473 2742 qualis
488 2666 639 2729 Rutulum
655 2671 821 2734 confundat
835 2675 955 2757 Erinys.

185 2792 255 2832 narn
270 2773 295 2834 si
309 2775 447 2857 Vergilio
461 2800 537 2859 puer
552 2792 581 2844 et
596 2785 754 2848 tolerabile
768 2789 863 2852 desset

185 2886 357 2967 hospitium,
372 2893 512 2956 caderent
527 2918 627 2960 omnes
643 2921 661 2961 a
676 2903 808 2964 crinibus
822 2905 922 2986 hydri,
1102 2911 1140 2973 70

183 3000 275 3060 surda
288 3002 366 3062 nihil
380 3018 512 3083 gemeret
525 3031 617 3088 grave
631 3012 750 3074 bucina.
792 3018 949 3095 poscimus,
964 3030 999 3082 ut
1012 3021 1052 3083 sit

183 3130 243 3170 non
258 3113 357 3174 minor
369 3118 493 3197 antiquo
508 3120 669 3186 Rubrenus
683 3126 792 3206 Lappa
806 3130 963 3206 cethurae,

183 3225 267 3304 cujus
281 3235 311 3287 et
324 3228 457 3291 alveolos
476 3243 505 3294 et
519 3234 637 3297 laenam
652 3240 791 3320 pignerat
805 3243 940 3306 Atreus?

182 3358 241 3397 non
257 3339 348 3401 habet
362 3343 469 3405 infelix
484 3347 627 3410 Numitor
642 3356 721 3432 quod
736 3357 838 3419 mittat
852 3361 958 3433 amicO,

182 3448 352 3524 Quintillae
366 3455 447 3532 quod
461 3457 553 3520 donet
567 3462 667 3537 habet,
682 3485 737 3525 nec
751 3467 848 3532 defuit
863 3469 910 3529 illi
1099 3478 1137 3540 75
