2536 3806
194 205 237 269 60
442 222 620 271 n.1vn11
649 223 896 271 rvvnurnrs

192 387 283 458 atque
293 376 370 451 ideo,
378 387 538 458 postquam
548 379 588 438 ad
599 378 737 439 Gimbros
748 389 940 459 stragemque
952 379 1100 442 volabant

123 497 125 502 '
192 491 246 572 qui
259 510 427 570 numquam
440 491 604 570 attigerant
618 492 734 580 majora
746 492 898 555 cadavera
911 493 1005 566 corvi,

192 604 302 666 nobilis
312 613 442 665 ornatur
455 604 541 665 lauro
558 604 673 685 collega
687 607 828 668 secunda.

192 718 327 799 plebeiae
341 717 505 778 Deciorum
519 719 647 792 animae,
662 719 782 799 plebeia
796 720 920 783 fuerunt

192 833 331 893 nomina:
354 853 409 912 pro
423 833 494 894 totis
507 833 675 912 legionibus
691 835 723 894 hi
739 845 840 898 tamen
855 847 885 898 et
900 857 955 916 pro
1093 836 1150 896 255

192 943 331 1005 omnibus
345 943 469 1003 auxiliis
482 953 573 1024 atque
588 944 670 1003 omni
684 944 765 1023 pube
779 946 893 1008 Latina

191 1053 344 1114 sufficiunt
358 1055 404 1114 dis
417 1054 542 1115 infernis
558 1065 713 1136 terraeque
727 1060 863 1137 parenti3

192 1171 288 1250 pluris
302 1170 382 1231 enim
398 1170 494 1243 Decii,
508 1192 600 1252 quam
615 1194 693 1252 quae
708 1186 869 1237 servantur
882 1176 922 1237 ab
935 1176 1005 1237 illis.

191 1287 305 1348 ancilla
318 1297 408 1347 natus
421 1287 557 1347 trabeam
574 1297 604 1347 et
618 1289 759 1350 diadema
775 1292 897 1368 Quirini

74 1415 78 1425 ‘
192 1409 222 1462 et
236 1401 329 1462 fasces
343 1402 462 1475 meruit,
476 1423 582 1482 regum
596 1403 722 1464 ultimus
738 1404 791 1464 ille
806 1405 961 1466 bonorum.
1094 1404 1152 1464 260

192 1514 312 1595 prodita
321 1516 473 1599 laxabant
487 1528 642 1597 portarum
659 1519 791 1579 claustra
804 1519 941 1598 tyrannis

192 1629 333 1690 exulibus
348 1631 476 1709 juvenes
490 1631 583 1710 ipsius
599 1632 728 1692 consulis
743 1641 773 1692 et
787 1651 860 1711 quos

192 1769 336 1828 magnum
351 1746 468 1826 aliquid
482 1746 576 1806 dubia
591 1767 645 1826 pro
662 1747 801 1806 libertate
816 1746 942 1819 deceret,

192 1864 273 1945 quod
287 1864 448 1924 miraretur
462 1881 531 1922 cum
547 1861 663 1922 Coclite
679 1861 800 1921 Mucius
815 1868 844 1921 et
858 1879 936 1940 quae

192 1975 312 2054 imperii
325 1975 398 2035 fines
412 1975 588 2036 Tiberinum
604 1973 689 2052 virgo
704 1972 832 2033 natavit

192 2093 311 2154 occulta
324 2091 363 2154 ad
378 2101 478 2172 patres
494 2089 639 2170 produxit
656 2087 783 2148 crimina
797 2106 909 2161 servus,

193 2207 336 2268 matronis
351 2206 499 2286 lugendus
512 2226 518 2276 ;
540 2211 572 2263 at
586 2202 654 2262 illos
671 2201 797 2263 verbera
813 2201 903 2280 justis

192 2319 338 2381 adficiunt
351 2319 454 2400 poenis
468 2328 499 2380 et
513 2314 615 2396 legum
631 2315 731 2394 prima
745 2314 865 2375 securis.

233 2433 317 2495 Malo
331 2443 418 2514 pater
431 2434 487 2494 tibi
502 2434 541 2494 sit
555 2431 715 2503 Thersites,
733 2428 896 2489 dummodo
909 2435 944 2487 tu
958 2427 998 2488 sis

192 2542 345 2604 Aeacidae
358 2543 464 2604 similis
478 2540 692 2620 Vulcaniaque
708 2555 794 2598 arma
808 2557 952 2616 capessas,
1039 2556 1043 2563 ’

192 2675 284 2736 quam
298 2666 328 2717 te
341 2655 496 2718 Thersitae
510 2653 639 2717 similem
655 2653 803 2734 producat
817 2649 962 2711 Achilles.

192 2781 222 2832 et
235 2780 346 2843 tamen,
360 2779 395 2832 ut
408 2771 497 2850 longe
511 2780 628 2849 repetas
642 2769 790 2848 longeque
804 2764 943 2826 revolvas

192 2902 311 2956 nomen,
325 2883 366 2943 ab
380 2882 487 2942 infami
501 2893 620 2962 gentem
636 2881 759 2942 deducis
775 2878 876 2958 asylo:

193 2999 340 3078 majorum
356 2996 480 3076 primus,
495 2996 629 3076 quisquis
643 2995 702 3055 fuit
717 2994 778 3066 ille,
795 3002 926 3065 tuorum,

192 3119 247 3172 aut
260 3117 361 3189 pastor
375 3108 434 3170 fuit
448 3117 502 3170 aut
515 3108 594 3168 illud
608 3108 688 3187 quod
704 3107 802 3167 dicere
816 3104 896 3166 nolo.

509 3313 824 3508 *aad
