2516 3806
458 225 631 274 sununs
659 225 756 274 xvr.
1025 212 1088 277 107

125 382 328 463 Pythagoras,
343 381 458 443 cunctis
472 381 656 443 animalibus
670 382 818 443 abstinuit
831 382 884 462 qni

126 504 285 575 tamquam
295 493 417 554 homine
427 502 457 554 et
464 494 565 555 ventri
575 494 703 555 indulsit
710 514 772 555 non
781 515 868 556 omno
878 494 1039 575 legumen?

563 685 656 747 XVI.

125 833 207 912 Quis
220 852 380 895 numerare
394 839 485 912 queat
498 831 594 892 felicis
609 833 753 911 praemia,
767 831 862 909 Galli,

123 949 278 1010 militiae?
298 969 370 1008 nam
384 949 410 1008 si
424 948 592 1008 subeuntur
606 967 749 1027 prospera
763 958 870 1023 castra,

124 1081 177 1121 me
190 1059 337 1139 pavidum
352 1059 485 1138 excipiat
499 1058 627 1119 tironem
641 1067 730 1138 ports
743 1060 873 1121 secundo

123 1169 232 1231 sidere.
273 1168 343 1249 plns
356 1168 467 1229 etenim
483 1168 539 1228 fati
554 1167 638 1230 valet
651 1169 726 1229 hora
740 1169 871 1250 benigni,

124 1302 220 1362 quam
233 1282 259 1342 si
273 1303 327 1343 nos
340 1281 469 1344 Veneris
485 1282 674 1344 commendet
687 1283 817 1362 epistula
830 1284 926 1347 Marti
1068 1289 1087 1348 5

124 1403 159 1456 et
171 1394 273 1454 Samia
286 1395 425 1473 genetrix
440 1415 518 1475 quae
532 1394 700 1456 delectatur
713 1398 835 1458 harena

168 1508 334 1570 Commoda
348 1517 511 1570 tractemus
525 1509 657 1588 primum
672 1511 852 1584 communia,
866 1532 995 1591 quorum

124 1623 204 1683 haut
217 1622 377 1682 minimum
392 1622 471 1683 illud
485 1623 551 1696 erit,
568 1643 607 1684 ne
620 1632 650 1684 te
664 1623 785 1703 pulsare
798 1632 918 1704 togatus

124 1737 247 1810 audeat,
262 1736 355 1797 immo
369 1737 424 1798 etsi
438 1736 583 1816 pulsetur,
598 1737 775 1812 dissimulet,
790 1758 844 1800 nec

124 1853 238 1925 audeat
252 1874 390 1915 excussos
404 1855 537 1934 praetori
551 1854 705 1916 ostendere
719 1855 838 1930 dentes,
1047 1857 1086 1918 10

124 1975 157 2028 et
170 1967 289 2046 nigram
304 1967 341 2026 in’
349 1966 427 2027 facie
439 1966 564 2027 tumidis
577 1967 724 2029 livoribus
738 1968 837 2042 offam,

125 2089 219 2159 atque
233 2079 353 2140 oculum
369 2079 485 2140 medico
500 2079 544 2139 nil
560 2080 752 2160 promittente
766 2082 914 2144 relictum.

124 2195 295 2257 Bardaicus
311 2195 408 2274 judex
423 2195 514 2256 datur
527 2196 602 2256 haec
617 2196 725 2275 punire
738 2196 851 2258 volenti

125 2310 246 2371 calceus
259 2318 290 2370 et
302 2308 430 2388 grandes
445 2329 557 2387 magna
570 2308 609 2368 ad
624 2308 767 2369 subsellia
781 2329 877 2383 surae,

125 2422 244 2503 legibus
260 2422 392 2501 antiquis
407 2430 571 2482 castrorum
588 2430 618 2480 et
633 2442 713 2482 more
727 2421 851 2482 Camilli
1048 2422 1086 2482 15

124 2544 255 2609 servato,
271 2535 357 2596 miles
370 2534 540 2596 novellum
556 2534 655 2613 litiget
668 2543 755 2595 extra
776 2559 778 2565 ’

124 2656 156 2709 et
168 2647 276 2728 procul
290 2667 309 2707 a
323 2647 423 2726 signis.
465 2646 631 2726 justissima
646 2646 855 2709 centurionum

124 2761 258 2842 cognitio
273 2769 317 2821 est
330 2760 424 2840 igitur
438 2760 475 2820 de
489 2760 594 2834 milite,
608 2781 663 2821 neo
677 2760 752 2820 mihi
767 2760 846 2822 derit

124 2875 212 2950 ultio,
227 2874 251 2934 si
268 2875 369 2954 justae
383 2872 517 2934 defertur
532 2873 805 2952 causaquerellae:

125 2997 191 3050 tota
204 2987 311 3051 cohors
324 2995 427 3047 tamen
442 2995 487 3047 cst
500 2986 633 3060 inimica,
647 3007 807 3066 omnesque
822 2985 949 3066 manipli
1046 2986 1085 3047 20

126 3122 271 3164 consensu
285 3121 395 3180 magno
410 3100 554 3174 efficiunt,
569 3100 713 3162 curabilis
726 3111 761 3161 ut
774 3101 813 3162 sit

126 3215 264 3277 vindicta
277 3222 307 3274 et
321 3212 444 3292 gravior
458 3234 549 3293 quam
564 3213 684 3292 injuria.
726 3213 853 3292 dignum
866 3213 923 3273 erit
937 3233 1007 3294 ergo

127 3326 337 3390 declamatoris
352 3326 468 3386 mulino
483 3325 573 3387 corde
586 3325 720 3406 Vagelli,

127 3461 197 3506 eum
211 3440 272 3505 duo
286 3459 376 3502 crura
390 3438 510 3514 habeas,
526 3439 676 3502 offendere
688 3446 735 3501 tot
748 3437 870 3517 caligas,
884 3446 930 3499 tot
