2536 3806
485 192 657 240 SATVRA
685 194 727 241 X.

585 449 628 510 X.

126 592 277 655 Omnibus
291 594 323 654 in
337 596 433 667 terris,
448 615 527 674 quae
540 603 611 654 sunt
624 615 644 655 a
658 593 796 656 Gadibus
810 615 905 676 usque

124 705 280 767 Auroram
295 716 325 767 et
338 705 476 786 Gangen,
490 707 582 786 pauei
595 707 748 768 dinoscere
761 718 885 788 possunt

124 840 200 880 vera
213 819 294 880 bona
307 830 398 898 atque
412 819 475 879 illis
488 819 621 879 multum
634 820 763 895 diversa,
778 832 893 883 remota

124 935 234 994 erroris
248 934 368 995 nebula.
410 935 484 1014 quid
497 935 579 994 enim
593 935 710 996 ratione
723 936 864 996 timemus

124 1058 180 1109 aut
194 1049 352 1129 cupimus?
373 1047 448 1128 quid
461 1057 525 1108 tam
539 1049 648 1109 dextro
662 1050 738 1129 pede
752 1050 893 1130 concipis,
908 1061 943 1114 ut
957 1061 987 1113 te
1065 1056 1084 1114 5

124 1170 251 1221 conatus
264 1181 325 1220 non
339 1161 494 1240 paeniteat
506 1161 631 1240 votique
645 1161 781 1240 peraotil

123 1283 258 1334 evertere
272 1272 376 1334 domos
390 1283 468 1333 totas
483 1274 658 1352 optantibus
672 1275 744 1354 ipsis

123 1386 157 1447 di
170 1387 292 1460 faciles3
312 1387 452 1447 nocitura
465 1395 545 1466 toga,
560 1388 698 1448 nocitura
712 1397 859 1467 petuntur

123 1499 254 1573 militia;
274 1508 390 1560 torrens
404 1499 525 1559 dicendi
539 1499 628 1579 copia
642 1499 746 1560 multis

122 1622 154 1674 et
167 1633 223 1673 sua
235 1612 392 1673 mortifera
406 1619 450 1672 est
462 1612 624 1684 facundia3
645 1611 762 1674 viribus
775 1613 830 1674 ille

122 1726 252 1786 confisus
265 1725 356 1805 periit
369 1723 615 1804 admirandisque
628 1723 756 1787 lacertis.

121 1839 175 1900 sed
189 1838 291 1918 plures
305 1837 401 1897 nimia
415 1846 556 1916 congesta
570 1837 699 1916 pecunia
713 1859 787 1899 eura

121 1950 294 2031 strangulat
307 1958 338 2010 et
352 1957 461 2010 cuneta
475 1969 645 2027 exuperans
659 1950 843 2028 patrimonia
856 1973 969 2028 oeneus,

122 2076 236 2146 quanto
251 2065 403 2144 delphinis
417 2064 559 2125 ballaena
573 2063 753 2127 Britannica
767 2067 872 2146 major.

121 2173 307 2254 temporibus
322 2174 395 2234 diris
409 2173 503 2252 igitur
518 2173 665 2252 jussuque
679 2161 809 2235 Neronis

121 2287 297 2366 Longinum
311 2295 342 2347 et
355 2306 479 2365 magnos
493 2284 623 2346 Senecae
636 2285 813 2365 praedivitis
826 2286 929 2348 hortos

121 2401 232 2461 elausit
245 2410 275 2461 et
289 2400 424 2480 egregias
437 2398 659 2460 Lateranorum
675 2398 791 2459 obsidet
804 2399 892 2460 aedes

119 2523 185 2574 tota
199 2513 313 2574 cohors.
354 2531 440 2573 rarus
454 2511 538 2572 venit
552 2511 584 2572 in
599 2511 744 2572 cenacula
759 2510 853 2574 miles.

119 2649 219 2709 pauca
233 2627 304 2688 lieet
319 2635 418 2706 portes
431 2624 550 2705 argenti
565 2624 691 2687 vaseula
705 2625 783 2705 puri,

118 2753 208 2806 noete
222 2743 281 2804 iter
293 2740 443 2821 ingressus
456 2741 595 2821 gladium
609 2750 792 2820 contumque
807 2741 935 2815 timebis,

119 2866 150 2918 et
163 2867 264 2917 motae
277 2855 319 2916 ad
333 2854 439 2916 lunam
453 2853 621 2934 trepidabis
635 2854 815 2915 harundinis
829 2855 968 2918 umbras:

119 2969 256 3030 cantabit
269 2987 385 3030 vacuus
402 2987 503 3028 eoram
518 2965 638 3028 latrone
653 2965 761 3027 viator.

118 3084 220 3164 prima
233 3081 297 3142 fere
309 3089 382 3141 vota
396 3090 426 3140 et
440 3079 556 3142 cunetis
570 3079 727 3141 notissima
741 3079 863 3158 templis

119 3196 255 3268 divitiae,
269 3201 405 3255 arescant
417 3201 453 3253 ut
466 3199 545 3271 opes,
560 3199 596 3252 ut
609 3191 745 3252 maxima
758 3200 822 3252 toto

118 3319 222 3372 nostra
236 3307 276 3368 sit
289 3327 361 3367 area
375 3305 447 3365 foro.
490 3303 542 3364 sed
556 3303 646 3365 nulla
660 3304 781 3364 aconita
794 3303 942 3366 bibuntur

117 3422 280 3496 fictilibus3
302 3429 375 3483 tuno
389 3419 444 3483 illa
458 3419 541 3494 time,
557 3439 625 3480 oum
641 3418 751 3500 poeula
765 3438 863 3480 sumes

597 3529 620 3584 F
