2536 3806
495 205 667 268 servan
695 220 801 266 x11r.
1085 203 1127 268 87

162 378 322 440 occultum
336 378 492 459 quatiente
506 377 607 438 animo
621 385 734 438 tortore
748 377 927 458 flagellum?
1068 377 1126 437 195

162 513 265 572 poena
278 501 380 554 autem
396 493 556 554 vehemens
570 513 606 553 ae
620 492 717 552 multo
731 492 849 553 saevior
861 492 932 564 illis,

162 627 241 686 quas
255 615 285 667 et
299 604 460 666 Caedicius
473 605 575 685 gravis
590 605 708 666 invenit
722 614 752 666 ot
766 605 1031 680 Rhadamanthus,

162 729 253 780 nocte
266 719 375 798 dieque
388 738 476 778 suum
491 727 607 798 gestare
622 717 654 777 in
668 727 788 797 pectore
802 727 917 779 testem

162 830 316 912 Spartano
330 829 452 890 cuidam
467 829 622 908 respondit
637 829 750 909 Pythia
764 839 857 904 vates,

162 943 240 1004 haut
254 942 439 1023 impunitum
454 942 607 1022 quondam
622 943 695 1015 fore,
710 943 790 1021 quod
805 942 959 1004 dubitaret
1036 983 1038 988 -
1067 945 1124 1006 200

163 1057 335 1137 depositum
350 1056 478 1116 retinere
492 1065 522 1116 et
537 1055 676 1116 fraudem
692 1057 763 1136 jure
777 1057 855 1116 tueri

166 1157 310 1251 jurando.
353 1167 517 1248 quaerebat
530 1168 622 1241 enim,
637 1189 715 1248 quae
729 1169 862 1230 numinis
876 1178 952 1231 esset

161 1303 256 1356 mens,
272 1291 355 1343 etan
370 1282 427 1343 hoc
442 1282 489 1341 illi
504 1282 621 1343 facinus
635 1282 775 1343 suaderet
789 1282 925 1362 Apollo?

162 1397 298 1459 reddidit
312 1418 382 1477 ergo
398 1406 490 1470 metu,
504 1417 565 1458 non
580 1397 731 1470 moribus;
752 1407 782 1458 et
796 1406 898 1458 tamen
911 1418 1030 1460 omnem

160 1531 268 1574 vocem
287 1510 373 1591 adyti
387 1511 511 1590 dignam
527 1511 641 1590 templo
657 1531 819 1591 veramque
834 1511 983 1591 probavit,
1065 1513 1123 1575 205

161 1624 317 1686 extinctus
332 1633 396 1685 tota
410 1624 524 1705 pariter
538 1644 606 1684 cum
622 1625 707 1703 prole
721 1625 869 1703 domoque

162 1747 192 1800 et
206 1738 346 1818 quamvis
361 1737 452 1818 longa
466 1738 604 1798 deductis
618 1748 707 1817 geute
721 1738 908 1818 propinquis.

161 1853 217 1912 has
232 1852 349 1931 patitur
362 1873 473 1933 poenas
488 1852 632 1931 peccandi
646 1852 710 1912 sola
725 1853 875 1914 voluntas.

162 1986 233 2026 nam
248 1964 344 2026 scelus
359 1966 440 2026 intra
454 1986 485 2026 se
499 1967 625 2026 tacitum
641 1966 693 2045 qui
707 1965 820 2045 cogitat
834 1965 942 2040 ullum,

161 2077 236 2139 facti
251 2078 363 2138 crimen
379 2078 486 2139 habet:
509 2078 591 2150 cedo,
605 2078 630 2138 si
645 2088 753 2139 conata
767 2078 903 2158 peregit?
1063 2079 1123 2142 210

161 2202 309 2272 perpetua
323 2194 461 2254 anxietas
476 2211 531 2254 uec
546 2213 666 2254 mensae
680 2203 814 2274 tempore
828 2203 932 2268 cessat,

161 2304 300 2367 faucibus
314 2315 350 2367 ut
363 2306 468 2367 morbo
483 2307 568 2367 siccis
583 2307 720 2387 interque
735 2307 864 2368 molares

162 2418 280 2480 difficili
294 2428 444 2480 crescente
459 2419 543 2491 cibo;
565 2418 670 2480 Setina
683 2419 818 2480 misellus

161 2532 278 2612 expuit,
293 2529 532 2618 Albani-veteris
547 2532 678 2611 pretiosa
692 2542 829 2593 senectus

161 2643 319 2723 displicet3
340 2643 479 2704 ostendas
493 2644 610 2718 melius,
626 2644 803 2713 densissima
817 2659 893 2725 ruga
1063 2647 1122 2708 215

161 2756 280 2837 cogitur
293 2757 326 2816 iu
340 2757 480 2830 frontem,
495 2757 582 2818 velut
597 2758 660 2818 aori
674 2758 767 2819 ducta
781 2757 921 2820 Falerno.

160 2879 249 2931 noete
262 2868 384 2930 brevem
399 2869 424 2930 si
438 2869 516 2930 forte
530 2869 657 2931 indulsit
671 2890 744 2930 cura
758 2891 895 2949 soporem

161 2993 191 3046 et
204 2992 268 3044 toto
282 2993 403 3045 versata
417 2993 483 3044 toro
499 2984 565 3063 jam
580 2985 716 3045 membra
730 2985 897 3064 quiescunt,

161 3096 304 3159 contiuuo
318 3096 467 3175 templum
482 3105 512 3157 et
526 3097 635 3158 violati
648 3098 782 3158 numinis
796 3118 865 3158 aras

161 3220 200 3285 et,
214 3209 295 3290 quod
310 3209 480 3289 praecipuis
494 3218 625 3270 mentem
640 3210 799 3272 sudoribus
814 3219 932 3291 urguet,
1062 3212 1120 3274 220

161 3332 191 3383 te
205 3322 334 3383 videtin
348 3321 477 3396 somnis;
498 3331 552 3382 tua
566 3343 652 3384 sacra
666 3333 696 3384 et
710 3325 806 3404 major
819 3324 920 3404 imago

161 3437 297 3497 humana
311 3435 416 3498 turbat
431 3436 578 3516 pavidum
593 3438 733 3518 cogitque
747 3438 844 3499 fateri.
