2516 3806
174 173 215 237 96
421 191 462 238 1).
479 190 600 238 1vn11
628 189 875 237 IVVENALJS

171 346 196 406 ei
210 345 294 425 piget
307 354 338 406 et
350 346 503 424 trepidum
517 345 640 407 solvunt
654 344 710 405 tibi
725 365 838 406 cornua
852 354 991 406 ventrem

171 479 240 519 oum
255 457 339 520 lituis
356 457 469 530 audita,
484 477 571 536 pares
586 456 668 537 qnod
683 457 814 519 vendere
828 457 921 537 possis
1074 458 1129 519 200

171 568 268 648 pluris
282 567 418 640 dimidio,
432 588 487 628 neo
501 577 531 628 te
545 567 668 628 fastidia
681 568 789 629 merois

171 679 263 740 ullius
277 679 404 740 subeant
419 678 607 759 ablegandae
620 680 754 740 Tiberim
769 682 860 756 ultra,

170 814 230 853 neu
244 793 348 854 eredas
361 794 534 873 ponendum
549 794 666 874 aliquid
681 794 862 856 discriminis
876 796 954 855 inter

171 916 325 986 unguenta
339 917 369 968 et
382 908 514 991 perium:
535 908 614 970 lueri
630 907 724 970 bonne
738 919 783 970 est
796 910 870 971 odor
883 931 922 970 ex
936 929 968 969 re

171 1019 314 1101 qualibet
357 1021 412 1082 illa
426 1031 479 1082 tuo
493 1023 642 1084 sententia
655 1043 772 1103 semper
786 1024 818 1084 in
832 1044 883 1084 ore
1072 1023 1127 1084 205

170 1143 315 1208 versetur,
330 1134 376 1195 die
390 1145 482 1214 atque
496 1135 560 1214 ipso
575 1134 653 1197 Jove
668 1137 761 1216 digna
776 1145 873 1216 poeta,

171 1253 188 1279 “
197 1247 278 1308 unde
292 1247 411 1321 hubeae,
427 1249 545 1328 quaerit
559 1271 655 1324 nemo,
670 1251 721 1311 sed
735 1259 853 1330 oportet
867 1249 1027 1311 habere.’'’

170 1362 227 1423 hoo
242 1371 410 1423 monstrant
426 1364 547 1425 vetulae
560 1367 661 1445 pueris
675 1365 848 1444 repentibus
862 1385 954 1437 assae,

171 1474 228 1536 hoo
242 1474 362 1536 discunt
375 1496 477 1536 omnes
491 1486 562 1538 ante
575 1477 670 1558 alpha
682 1487 713 1538 et
726 1476 796 1538 beta
810 1476 945 1556 puellae!

170 1588 283 1650 talibus
298 1589 460 1650 instantem
474 1591 596 1672 monitis
610 1611 829 1671 quemeumque
843 1598 1001 1669 parentem
1070 1591 1124 1651 210

170 1701 213 1762 sio
227 1721 343 1781 possem
358 1701 473 1762 adfari:
496 1702 570 1772 ‘die
585 1723 602 1762 o
619 1702 788 1775 vanissime,
802 1701 870 1780 quis
884 1709 914 1761 te

173 1815 313 1876 festinare
329 1813 437 1895 jubet?
459 1814 613 1876 meliorem
627 1823 746 1894 praesto
760 1813 904 1893 magistro

170 1928 362 2008 discipulum.
404 1949 524 1989 securus
538 1929 598 2002 abi,
613 1928 750 2002 vinceris,
766 1937 800 1988 ut
813 1926 897 2008 Ajax

171 2044 326 2125 praeteriit
341 2043 543 2116 Telamonem,
558 2051 592 2102 ut
606 2041 698 2102 Pelea
712 2041 786 2102 vicit
799 2039 946 2101 Achilles.

171 2157 356 2237 parcendum
371 2166 415 2218 est
430 2155 555 2216 teneris:
571 2155 706 2215 nondum
720 2153 884 2233 implevere
899 2153 1049 2216 medullae
1070 2154 1124 2216 215

171 2279 309 2330 maturae
323 2269 405 2328 mala
421 2267 588 2347 nequitiae:
610 2275 656 2325 ast
670 2285 738 2325 oum
754 2275 872 2344 pectere
886 2263 1015 2350 barbam

171 2383 302 2461 coeperit
316 2391 346 2443 et
360 2382 443 2461 longi
458 2397 631 2441 mueronem
646 2377 806 2438 admittere
820 2376 920 2447 cultri,

171 2495 265 2556 falsus
279 2495 336 2555 erit
349 2494 441 2567 testie,
458 2493 569 2555 vendet
582 2490 716 2571 pe13'uria
728 2510 847 2551 summa

170 2609 282 2687 exigua
295 2617 326 2669 et
339 2607 454 2668 Cereris
469 2616 594 2686 tangens
609 2625 753 2685 aramque
768 2604 940 2683 pedemque.

171 2721 283 2782 elatam
299 2721 364 2800 jam
380 2719 467 2780 erede
481 2739 602 2792 nurum,
616 2719 641 2778 ei
656 2716 764 2777 limina
778 2725 879 2779 vestra
1071 2719 1126 2780 220

171 2834 326 2895 mortifera
341 2854 410 2894 oum
424 2833 494 2893 dote
507 2831 596 2893 subit.
639 2831 748 2911 quibus
763 2829 819 2891 illa
832 2838 985 2910 premetur

171 2967 225 3026 per
238 2966 376 3006 somnum
391 2944 509 3024 digitio!
532 2964 603 3004 nam
618 2963 696 3024 quae
710 2952 850 3023 terraque
864 2944 1001 3023 marique

171 3058 360 3139 adquirenda
374 3067 472 3137 putas,
487 3057 607 3118 brevior
622 3058 673 3119 vio
688 3057 820 3118 conferet
835 3056 899 3128 illi;

170 3172 360 3235 nullueenim
370 3173 474 3251 magni
482 3171 601 3233 sceleris
609 3172 704 3232 labor.
733 3170 1068 3252 “haeoegonumquam

171 3288 343 3358 mandavi,”
359 3288 439 3346 dices
453 3288 535 3361 olim,
552 3292 568 3318 “
578 3309 633 3348 neo
647 3288 723 3348 talia
737 3289 845 3348 euasi.’'
1068 3291 1122 3352 225

171 3400 280 3458 mentis
294 3416 384 3458 eausa
397 3396 497 3458 malae
510 3405 613 3459 tamen
627 3408 671 3460 eet
685 3407 716 3459 et
730 3398 813 3479 origo
827 3418 917 3478 penes
931 3409 970 3462 te.
