2516 3806
477 236 649 282 sarvna
677 237 753 286 xv.
1031 225 1093 286 105

136 393 292 456 inventrix
306 392 440 453 homines
456 391 505 466 (ut
520 393 585 472 jam
600 413 678 472 quae
692 392 827 453 carmina
840 393 966 455 tradunt

137 505 231 584 digna
244 503 303 563 fide
318 503 435 577 credas)
452 512 570 562 tautum
586 503 733 577 immolat,
749 504 874 566 ulterius
889 505 934 565 nil

136 626 192 678 aut
205 618 328 696 gravius
342 616 440 677 cultro
454 617 542 676 timet
555 616 661 676 hostia.
704 617 770 696 quis
785 618 873 678 modo
889 639 974 680 casus

136 730 261 810 impulit
274 731 349 791 hos?
369 751 447 811 quae
460 738 547 790 tanta
560 730 654 790 fames
669 730 836 810 infestaque
851 732 934 794 vallo
1036 735 1094 797 120

136 862 223 903 arma
237 849 398 920 coegerunt
412 849 474 900 tam
489 839 665 900 detestabile
679 850 846 901 monstrum

136 954 270 1014 audere?
291 973 370 1013 anne
384 952 476 1012 aliam
491 915 572 1012 terrd
586 951 788 1032 Memphitide
803 955 882 1017 sicca

136 1067 286 1129 invidiam
300 1066 433 1126 facerent
447 1065 561 1125 nolenti
576 1086 697 1145 surgere
711 1067 742 1127 N
743 1068 805 1129 ilo?

136 1200 199 1258 qua
211 1199 267 1239 nec
281 1176 428 1238 terribiles
443 1173 559 1238 Cimbri
575 1199 628 1238 nec
643 1178 782 1240 Britones
797 1201 941 1260 umquam

136 1291 393 1367 Sauromataeque
409 1298 506 1348 truces
522 1298 576 1350 aut
590 1290 735 1350 immanes
749 1290 927 1372 Agathyrsi,
1038 1294 1094 1354 125

137 1406 195 1465 hac
209 1403 306 1464 saevit
320 1402 404 1462 rabie
418 1401 531 1464 inbelle
545 1410 575 1462 et
588 1403 696 1464 inutile
710 1404 828 1484 vulgus,

137 1517 270 1598 parvula
283 1516 427 1576 fictilibus
441 1517 563 1578 solitum
578 1517 651 1577 dare
664 1517 732 1578 vela
746 1518 876 1598 phaselis

137 1641 168 1693 et
182 1629 326 1691 brevibus
340 1629 439 1709 pictae
453 1630 543 1690 remis
558 1630 731 1691 incumbere
745 1639 846 1692 testae.

137 1763 194 1804 nec
208 1763 336 1822 poenam
351 1741 456 1802 sceleri
471 1741 613 1814 invenies,
627 1762 682 1802 nec
696 1741 789 1820 digna
802 1742 923 1821 parabis

137 1855 290 1935 supplicia
303 1854 350 1913 his
366 1853 494 1932 populis,
510 1852 542 1910 in
557 1872 685 1930 quorum
700 1861 799 1913 mente
812 1873 900 1930 pares
914 1862 984 1914 suut
1038 1853 1096 1914 130

138 1978 168 2030 et
182 1967 295 2028 similos
309 1967 355 2027 ira
369 1975 460 2046 atque
475 1966 576 2026 fames.
618 1966 793 2027 mollissima
808 1966 898 2026 corda

138 2083 273 2142 humano
286 2081 388 2160 generi
404 2080 476 2140 dare
489 2099 520 2139 se
534 2088 644 2139 natura
657 2078 778 2152 fatetur,
884 2061 887 2072 ¹

139 2215 217 2276 quae
231 2194 371 2255 lacrimas
386 2192 486 2264 dedit;
508 2191 582 2252 haec
597 2191 690 2251 nostri
705 2211 774 2270 pars
789 2190 903 2270 optima
916 2211 1026 2252 sensus.

138 2307 259 2388 plorare
273 2327 343 2385 ergo
359 2291 447 2385 jubet
463 2324 582 2365 causam
598 2302 724 2362 dicentis
738 2302 828 2362 amici

138 2421 368 2503 squaloremque
383 2420 434 2492 rei,
450 2416 603 2498 pupillum
618 2415 657 2476 ad
675 2417 747 2495 jura
760 2427 919 2478 vocantem
977 2383 978 2386 Ἴ
1038 2416 1096 2477 135

139 2534 438 2614 circumscriptorem,
453 2533 537 2612 cujus
553 2531 710 2591 manantia
723 2529 797 2593 fletu

138 2670 193 2710 ora
206 2647 355 2727 puellares
369 2647 485 2707 faciunt
499 2646 614 2705 incerta
629 2644 740 2723 capilli.

139 2771 266 2822 naturae
281 2761 406 2840 imperio
421 2759 576 2839 gemimus,
593 2771 686 2837 quum
701 2756 792 2816 funus
807 2755 930 2817 adultae

139 2875 267 2954 virginis
282 2873 413 2933 occurrit
426 2873 476 2935 vel
491 2881 572 2933 terra
588 2872 741 2932 clauditur
755 2871 855 2931 infans

138 2998 169 3048 et
182 2988 282 3047 minor
296 2987 364 3066 igne
379 2986 451 3065 rogi.
495 2985 561 3065 quis
575 2985 655 3045 enim
670 2985 766 3045 bonus
781 2993 811 3044 et
825 2984 892 3044 face
905 2985 1014 3064 dignus
1040 2985 1097 3047 140

139 3120 259 3172 arcana,
274 3098 394 3178 qualem
410 3097 525 3159 Cereris
540 3098 609 3160 vult
624 3119 685 3159 esse
698 3100 845 3171 sacerdos,

140 3214 204 3274 ulla
218 3212 318 3272 aliena
332 3211 389 3271 sibi
405 3211 501 3272 credit
515 3211 618 3271 mala?
639 3220 759 3290 separat
773 3210 831 3271 hoc
844 3231 898 3271 nos

137 3346 157 3385 a
170 3345 260 3404 grege
274 3333 437 3395 mutorum,
452 3331 542 3401 atque
556 3322 622 3382 ideo
638 3321 810 3383 venerabile
823 3321 880 3384 soli

138 3436 236 3506 sortiti
250 3435 404 3514 ingenium
420 3435 653 3513 divinorumque
668 3453 791 3512 capaces
