2536 3806
172 280 211 346 18
421 299 600 347 n.1vu11
629 300 877 348 rvvnnnnrs

170 455 311 516 luxuriae
324 456 445 516 sordes?
465 464 581 534 quauta
594 465 638 516 est
651 455 734 534 gula,
749 459 897 537 quaesibi
911 467 989 521 totos

169 569 255 648 ponit
269 588 366 648 apros
381 567 495 628 animal
510 575 634 646 propter
647 567 789 631 convivia
803 573 928 631 natuml

167 702 266 762 poena
279 690 381 741 tamen
394 700 544 759 praesens,
558 699 627 739 cum
642 689 676 739 tu
694 680 818 760 deponis
834 684 961 745 amictus

167 794 306 875 turgidus
320 801 351 854 et
365 792 493 853 crudum
507 811 656 871 pavonem
670 792 703 852 in
718 793 828 856 balnea
842 806 951 876 portas.

167 907 239 968 hino
252 906 370 967 subitae
384 912 494 965 mortes
508 912 599 984 atque
613 905 755 966 intestata
768 918 912 984 senectus,

167 1031 205 1095 et,
220 1042 299 1084 nova
313 1041 368 1082 nec
381 1020 475 1081 tristis
488 1039 543 1099 per
557 1028 680 1080 cunctas
696 1020 801 1081 fabula
816 1044 912 1098 cenas,

167 1138 289 1198 ducitur
302 1136 386 1196 iratis
401 1134 610 1215 plaudendum
627 1135 717 1196 funus
733 1138 845 1200 amicis.

207 1252 261 1311 Nil
275 1252 333 1312 erit
346 1251 481 1325 ulterius,
496 1252 577 1332 quod
593 1252 701 1312 nostris
717 1252 850 1312 moribus
864 1254 958 1315 addat

166 1367 340 1448 posteritas3
361 1366 466 1427 eadem
480 1366 592 1426 facient
608 1367 789 1446 cupientque
803 1366 949 1440 minoren

164 1503 253 1544 omno
267 1483 299 1542 in
313 1482 472 1562 praecipiti
485 1482 595 1544 vitium
611 1481 710 1553 stetit;
732 1487 816 1540 utere
831 1479 915 1553 velis,

165 1606 243 1659 totos
256 1597 356 1677 pande
370 1597 468 1658 sinus!
490 1596 573 1656 dicas
586 1596 636 1656 hic
653 1595 796 1656 forsitan:
818 1594 916 1656 ‘unde

165 1708 321 1788 ingenium
335 1728 392 1788 par
405 1705 569 1767 materiae?
591 1705 672 1765 unde
686 1704 741 1764 illa
754 1705 891 1783 priorum

165 1821 314 1883 scribendi
330 1820 540 1902 quodcumque
555 1818 656 1877 animo
671 1816 819 1896 flagrante
834 1816 942 1880 liberet

164 1935 351 2016 simplicitas,
365 1937 382 1965 “
392 1933 476 2013 cujus
491 1951 553 1991 non
568 1930 665 1991 audeo
681 1929 780 1990 dicere
794 1930 925 1992 nomen?

165 2051 238 2130 quid
253 2049 344 2110 refert
357 2047 445 2109 dictis
460 2046 597 2126 ignoscat
612 2042 733 2104 Mucius
748 2063 788 2102 an
802 2063 861 2103 non
871 2042 910 2103 ?”

165 2182 242 2241 pone
252 2160 445 2240 Tigellinum,
460 2156 549 2218 taeda
564 2155 678 2217 lucebis
692 2155 724 2214 in
738 2155 802 2228 illa,

165 2295 226 2355 qua
239 2283 351 2335 stantes
364 2272 481 2344 ardent,
496 2269 548 2349 qui
563 2268 625 2330 fixo
639 2276 759 2348 pectore
773 2267 903 2343 fumant,

165 2397 196 2448 et
208 2387 305 2447 latum
319 2385 419 2446 media
432 2383 550 2444 sulcum
565 2380 688 2441 deducis
702 2379 835 2442 harena'

165 2497 218 2577 qui
231 2497 315 2558 dedit
328 2515 399 2574 ergo
412 2491 510 2555 tribus
524 2491 641 2571 patruis
656 2491 785 2565 aconita,
799 2492 929 2554 vehatur

165 2610 330 2690 pensilibus
344 2608 465 2689 plumis,
481 2615 572 2686 atque
586 2605 673 2666 illinc
688 2605 834 2686 despiciat
849 2608 925 2668 nos?

166 2727 252 2784 ‘cum
266 2723 367 2785 veniet
380 2729 495 2794 contra,
508 2719 604 2799 digito
619 2704 772 2798 compesce
786 2719 942 2781 labellum.

165 2843 321 2896 accusator
335 2835 392 2894 erit
406 2833 458 2913 qui
472 2831 600 2894 verbum
615 2831 728 2892 dixerit
742 2836 759 2863 “
769 2832 819 2894 hic
833 2832 905 2894 est.'’

165 2969 286 3010 securus
300 2947 371 3008 licet
384 2947 511 3008 Aenean
526 2946 737 3026 Rutulumque
755 2947 883 3008 ferocem

166 3057 344 3130 committas,
358 3055 437 3116 nulli
451 3055 553 3135 gravis
567 3063 612 3115 est
625 3075 781 3135 percussus
795 3055 933 3117 Achilles

166 3180 220 3233 aut
233 3170 364 3232 multum
378 3170 531 3251 quaesitus
544 3169 646 3249 Hylas
659 3189 827 3250 urnamque
840 3179 975 3232 secutus:

167 3302 235 3342 ense
249 3280 334 3342 velut
347 3281 450 3341 stricto
464 3279 602 3360 quotiens
615 3279 753 3340 Lucilius
767 3280 875 3341 ardens
980 3324 987 3342 2

167 3391 334 3466 infremuit,
348 3392 437 3453 rubet
450 3392 580 3465 auditor,
594 3392 644 3452 cui
658 3392 770 3470 frigida
784 3413 868 3453 mens
881 3401 926 3454 est

169 3503 343 3568 criminibus
367 3504 461 3566 tacita
474 3503 586 3566 sudant
598 3505 774 3584 praecordia
788 3505 896 3586 culpat

1073 463 1133 524 140
