2536 3806
716 27 737 83 'r

188 193 232 256 24
437 213 615 260 arvum
646 213 895 260 rvvnuanrs

187 366 321 427 creditur
335 375 426 446 atque
439 367 518 440 deos,
533 367 579 428 dis
594 368 817 448 ignoscentibus
832 370 912 450 ipsis.
1025 365 1027 368 ’

187 479 260 559 quid
275 480 355 558 quod
370 480 528 540 materiam
541 480 666 558 praebet
680 502 844 562 causasque
853 485 992 562 jocorum

186 592 325 653 omnibus
339 593 389 653 hic
403 593 492 666 idem,
507 593 532 653 si
546 593 633 654 foeda
647 605 677 655 et
690 595 781 655 scissa
795 594 925 670 lacerna,

185 702 210 763 si
224 712 296 782 toga
309 703 464 763 sordidula
478 711 566 763 estet
580 713 671 784 rupta
685 704 803 765 calceus
817 704 896 766 alter

185 815 264 895 pelle
278 819 371 896 patet,
385 816 434 878 vel
448 817 474 878 si
488 826 611 879 consuto
625 817 752 880 vulnere
766 839 899 881 crassum
1087 822 1145 884 150

184 937 275 1007 atque
289 948 390 988 recens
405 928 503 989 linum
518 930 648 991 ostendit
661 951 722 991 non
736 952 798 992 una
814 933 964 994 cicatrix?
1180 919 1182 926 ,

184 1041 228 1100 nil
244 1042 335 1103 habet
349 1043 456 1103 infelix
471 1053 634 1123 paupertas
648 1045 752 1106 durius
767 1045 799 1106 in
813 1066 852 1121 se,

184 1174 276 1242 quam
287 1156 368 1234 quod
379 1156 522 1217 ridiculos
533 1157 668 1218 homines
679 1158 760 1219 facit.
796 1163 813 1190 “
823 1160 938 1234 exeat,''
953 1161 1064 1242 inquit,

184 1267 235 1326 “si
249 1268 347 1347 pudor
361 1277 412 1342 est,
428 1270 510 1330 etde
523 1270 650 1349 pulvino
659 1269 769 1350 ‘surgat
782 1273 922 1352 equestri,

184 1381 268 1460 eujus
283 1402 328 1441 res
342 1381 402 1462 legi
417 1403 479 1443 non
493 1381 611 1457 sufficit,
626 1360 791 1446 et'sedeant
805 1386 856 1446 hic
1085 1390 1139 1450 155

183 1496 325 1556 lenonum
340 1498 426 1577 pueri
443 1518 633 1578 quocumque
647 1520 663 1560 a
677 1499 790 1561 fornice
804 1501 887 1573 nati;

183 1609 232 1668 bic
246 1609 374 1689 plaudat
389 1610 479 1671 nitidi
493 1612 648 1689 praeconis
663 1611 742 1672 filius
757 1613 836 1674 inter

182 1719 336 1800 pinnirapi
351 1701 447 1781 cultos
457 1721 584 1800 juvenes
594 1722 779 1802 juvenesque
794 1723 939 1797 lanistae3

181 1834 223 1894 sic
237 1833 359 1893 libitum
373 1853 463 1906 vano,
477 1833 530 1913 qui
543 1853 597 1894 nos
611 1833 760 1908 distinxit,
777 1835 920 1898 Othoni.''

181 1947 247 2025 quis
261 1966 354 2026 gener
367 1945 417 2007 hic
430 1945 547 2026 placuit
562 1966 651 2006 censu
666 1946 764 2006 minor
778 1957 869 2026 atquc
883 1947 1003 2027 puellae
1084 1952 1138 2013 160

181 2063 338 2122 sarcinulis
353 2063 452 2142 impar
460 2063 475 2121 l·
494 2061 560 2141 quis
574 2081 690 2141 pauper
705 2061 847 2122 scribitur
860 2061 975 2123 heresl'

181 2176 302 2257 quando
317 2177 348 2236 in
362 2175 487 2236 consilio
502 2184 546 2236 est
560 2175 730 2237 aedilibus?
751 2177 872 2256 agmine
886 2176 966 2238 facto

181 2288 347 2350 debuerant
361 2289 433 2349 olim
448 2299 552 2350 tenues
567 2290 710 2370 migrasse
726 2289 868 2366 Quirites.

179 2403 256 2464 haut
268 2404 357 2465 facile
371 2413 536 2483 emergunt,
553 2424 681 2484 quorum
697 2403 860 2464 virtutibus
875 2403 974 2465 obstat

179 2537 225 2577 res
239 2527 367 2596 angusta
382 2518 480 2589 domi;
501 2518 553 2577 sed
568 2518 684 2577 Romae
698 2516 802 2577 durior
815 2515 877 2576 illis
1082 2519 1137 2578 165

179 2635 319 2686 conatus:
341 2647 451 2706 magno
465 2627 630 2706 hospitium
646 2625 824 2698 miserabile,
839 2646 949 2706 magno

177 2759 332 2802 servorum
346 2749 473 2812 vestrae,
489 2748 518 2800 et
532 2740 613 2818 frugi
628 2738 736 2799 cenula
751 2759 869 2818 magno.

177 2845 320 2912 fictilibus
334 2871 440 2912 cenare
454 2852 556 2932 pudet,
572 2852 652 2931 quod
667 2861 756 2931 turpe
771 2851 895 2930 negabis

176 2965 340 3029 translatus
354 2967 453 3028 subito
468 2967 507 3027 ad
522 2966 638 3027 Marsos
653 2986 846 3046 mensamque
860 2965 1013 3028 Sabellam

176 3087 392 3156 contentusque
405 3078 471 3139 illic
485 3086 593 3140 veneto
607 3078 743 3157 duroque
757 3076 885 3138 cucullo.
1076 3080 1133 3142 170

175 3211 245 3270 pars
259 3210 370 3269 magna
384 3189 495 3250 Italiae
508 3197 561 3263 est,
574 3189 600 3250 si
613 3209 720 3251 verum
734 3190 931 3263 admittimus,
946 3191 977 3250 in
992 3210 1053 3270 qua

99 3355 108 3379 ,
175 3324 263 3363 nemo
278 3313 379 3381 togam
394 3303 486 3364 sumit
499 3303 558 3364 nisi
572 3312 716 3365 mortuus.
744 3303 825 3380 'ipsa
840 3304 957 3365 dierum

175 3403 318 3487 fastorum
333 3414 458 3476 herboso
474 3415 585 3476 colitur
598 3416 623 3475 si
638 3416 759 3494 quando
774 3416 891 3475 theatro
