2516 3806
147 249 211 312 100
392 267 570 313 n.1vu11
598 267 846 315 rvvuuams

146 443 211 482 oras
225 422 340 496 domuc,
352 432 443 502 atque
456 423 561 484 eadem
576 422 701 502 plumbo
713 422 870 483 commissa
884 420 1030 483 manebit
1046 423 1107 484 310

145 534 237 594 sensit
250 533 436 609 Alexander,
450 543 527 595 testa
541 556 610 595 oum
625 535 704 597 vidit
716 535 749 594 in
763 534 820 594 illa

146 667 290 726 magnum
304 646 515 720 habitatorem,
529 657 643 727 quanto
657 646 774 708 felicior
787 647 846 720 hic,
861 647 914 726 qui

145 756 191 816 nil
205 764 335 835 cuperet,
350 778 443 837 quam
457 758 509 837 qui
523 765 621 818 totum
636 757 693 817 sibi
707 767 842 837 posceret
855 757 969 831 orbem,

146 889 287 950 passurus
301 870 390 948 gestis
404 871 563 950 aequanda
576 869 712 949 pericula
725 870 820 930 rebus

146 981 266 1042 nullum
281 1003 394 1042 numen
407 983 509 1056 babes,
524 983 549 1043 si
563 983 602 1043 sit
616 983 794 1062 prudentia;
815 993 922 1058 noste,
1046 984 1107 1044 315

146 1116 200 1156 nos
213 1095 349 1170 facimus,
364 1097 510 1170 Fortuna,
524 1097 621 1158 deam.
662 1118 803 1158 mensura
817 1106 919 1158 tamen
932 1117 1012 1177 quae

146 1208 275 1269 sufficiat
289 1229 401 1282 census,
416 1209 440 1268 si
456 1209 522 1288 quis
537 1230 585 1269 mc
599 1210 744 1284 consulat,
760 1211 865 1270 edam:

146 1321 178 1381 iu
193 1330 341 1402 quantum
355 1322 420 1382 sitis
433 1333 525 1402 atquc
539 1323 633 1383 fames
647 1333 677 1384 et
692 1307 805 1402 frigora
819 1332 955 1403 poscunt,

147 1443 304 1516 quantum,
319 1434 460 1513 Epicure,
476 1434 532 1494 tibi
547 1435 649 1514 parvis
663 1435 779 1495 suffecit
793 1435 825 1494 in
838 1434 942 1508 hortis,

147 1557 295 1630 quantum
309 1547 454 1609 Socratici
469 1557 614 1628 ceperunt
627 1559 698 1609 ante
712 1558 843 1628 penates.
1047 1549 1108 1611 320

146 1682 313 1741 numquam
328 1660 405 1722 aliut
419 1670 538 1735 natura,
553 1661 631 1722 aliut
644 1662 792 1740 sapientia
806 1661 888 1722 dicit.

146 1774 266 1835 acribus
280 1774 426 1854 exemplis
439 1774 545 1836 videor
558 1783 588 1834 te
602 1774 744 1835 cludere?
764 1774 855 1834 misce

147 1911 217 1970 ergo
232 1889 348 1970 aliquid
363 1889 472 1949 nostris
486 1889 524 1949 de
537 1889 680 1963 moribus,
694 1889 777 1950 effice
790 1910 949 1962 summam,

146 2002 192 2063 bis
206 2012 320 2082 septem
334 2001 490 2062 ordinibus
504 2023 596 2082 quam
610 2001 662 2062 lex
676 2002 820 2080 dignatur
834 2001 972 2062 Othonis.

146 2115 221 2176 baec
235 2135 354 2195 quoque
367 2115 393 2174 si
407 2135 514 2194 rugam
529 2114 624 2174 trahit
638 2115 835 2194 extenditque
848 2113 1005 2189 labellum,
1046 2115 1105 2176 325

147 2249 231 2289 sume
244 2228 319 2288 duos
333 2228 455 2307 equites,
469 2227 518 2287 fac
532 2227 621 2314 tertia
635 2227 865 2307 quadringenta.

147 2342 172 2402 si
185 2341 320 2401 nondum
335 2340 451 2419 inplevi
464 2340 623 2420 gremium,
637 2340 662 2400 si
676 2339 822 2419 panditur
835 2338 927 2413 ultra,

147 2474 202 2514 nec
217 2452 318 2513 Croesi
332 2453 455 2512 fortuna
469 2473 614 2531 umquam
628 2471 683 2512 nec
698 2451 819 2513 Persica
832 2472 927 2532 regna

148 2567 295 2628 sufficient
308 2567 409 2626 animo
423 2586 478 2626 nec
492 2565 619 2626 divitiae
632 2565 776 2638 Narcissi,

148 2679 275 2740 indulsit
288 2678 398 2739 Caesar
412 2677 461 2738 cui
476 2677 623 2738 Claudius
637 2678 747 2751 omnia,
763 2679 848 2757 cujus
1049 2679 1107 2741 330

148 2791 251 2874 paruit
264 2790 398 2869 imperiis
413 2810 540 2850 uxorem
554 2789 690 2850 occidere
705 2789 814 2869 jussus

584 2986 661 3048 xv.
754 2945 759 2950 ’

149 3133 226 3210 Quis
239 3132 342 3204 nescit,
356 3131 466 3192 Volusi
481 3129 652 3208 Bithynice,
667 3128 772 3208 qualia
785 3127 907 3188 demens

148 3246 307 3325 Aegyptus
321 3252 461 3322 portenta
476 3242 578 3303 colat?
599 3241 770 3302 crocodilon
784 3241 893 3300 adorat

148 3379 218 3436 pars
232 3357 315 3425 haec,
330 3355 384 3413 illa
398 3362 489 3430 pavet
503 3362 637 3413 saturam
652 3351 839 3430 serpentibus
853 3351 926 3412 ibin.

149 3464 260 3541 effigies
274 3462 351 3521 sacri
365 3462 441 3520 nitet
456 3482 547 3522 aurea
562 3463 770 3541 cercopitheci,
