2536 3806
511 201 683 250 snrvsn
712 201 754 250 v.
833 173 836 180 ⁴
1071 183 1112 247 41

151 359 261 421 luserit
274 358 395 421 Aeneas
409 381 465 420 neo
478 359 543 420 filia
556 359 674 420 dulcior
689 358 760 420 illo:

155 473 329 552 jucundum
344 482 375 534 et
388 493 492 534 carum
507 472 616 533 sterilis
631 471 705 531 facit
719 491 797 532 uxor
810 470 952 531 amicum.
1055 471 1113 530 140

150 594 197 644 set
211 594 266 645 tua
279 605 360 646 nunc
374 584 500 665 Mygale
514 585 615 664 pariat
628 584 699 644 licet
713 593 743 644 et
757 603 865 663 pueros
879 593 939 644 tres

150 698 184 756 in
198 697 348 776 gremium
362 697 457 776 patris
471 697 582 757 fundat
595 695 695 769 simul,
710 695 773 774 ipse
787 695 906 776 loquaci

150 806 298 886 gaudebit
311 789 392 880 nido,
407 807 535 869 viridem
550 807 676 868 thoraca
684 806 806 886 jubebit

149 919 264 979 adferri
279 920 478 998 minimasque
492 939 583 980 nuces
597 939 751 998 assemque
766 927 915 998 rogatum,

150 1031 191 1091 ad
207 1052 341 1091 mensam
355 1031 493 1110 quotiens
507 1031 658 1111 parasitus
673 1031 790 1093 venerit
803 1031 911 1092 infans.
1054 1031 1113 1092 145

192 1144 316 1207 Vilibus
331 1146 477 1224 ancipites
492 1145 579 1225 fungi
593 1154 743 1224 ponentur
758 1145 871 1218 amicis,

149 1253 270 1315 boletus
285 1255 416 1330 domino,
432 1265 476 1316 set
490 1256 594 1335 quales
609 1255 755 1316 Claudius
770 1255 832 1316 edit

149 1377 223 1429 ante
236 1368 325 1428 illum
341 1369 453 1442 uxoris,
468 1378 535 1448 post
550 1388 638 1448 quem
652 1367 697 1427 nil
712 1367 843 1447 amplius
857 1368 928 1430 edit

149 1481 246 1543 Virro
260 1480 318 1541 sibi
332 1490 362 1541 et
376 1481 500 1560 reliquis
515 1480 698 1543 Virronibus
713 1480 768 1540 illa
777 1479 898 1558 jubebit

148 1614 242 1694 ppms
256 1594 332 1666 dari,
348 1614 477 1674 quorum
491 1593 554 1653 solo
568 1592 700 1672 pascaris
715 1593 814 1666 odore,

149 1707 256 1788 qualia
269 1716 432 1787 perpetuus
447 1707 621 1767 Phaeacum
634 1715 797 1766 autumnus
812 1705 952 1780 habebat,

148 1821 272 1882 credere
287 1841 365 1900 quae
379 1821 472 1900 possis
487 1820 630 1899 subrepta
644 1819 795 1880 sororibus
810 1818 895 1879 Afris
907 1841 915 1892 ς

147 1942 184 1993 tu
199 1932 299 1993 scabie
314 1933 422 1992 frueris
436 1932 519 2007 mali,
535 1932 615 2012 quod
630 1931 661 1990 in
676 1951 785 2010 aggere
798 1931 879 1992 rodit

147 2046 204 2126 qui
218 2047 331 2126 tegitur
345 2066 452 2126 parma
466 2055 496 2106 et
510 2045 598 2124 galea
611 2053 805 2124 metuensque
819 2042 933 2123 flagelli

148 2159 241 2220 discit
255 2159 294 2219 ab
308 2159 426 2219 hirsuta
437 2158 576 2238 jaculum
590 2167 730 2236 torquere
745 2155 871 2236 capella.

192 2271 334 2332 Forsitan
348 2272 501 2352 impensae
515 2271 679 2333 Virronem
693 2289 816 2349 parcere
830 2270 951 2342 credas;

146 2388 208 2448 hoc
222 2387 294 2466 agit,
309 2395 344 2446 ut
357 2386 475 2458 doleas;
496 2407 567 2446 narn
582 2405 659 2465 quae
673 2385 835 2457 comoedia,
849 2385 959 2444 mimus

147 2503 218 2582 quis
232 2503 338 2563 melior
352 2502 492 2582 plorante
510 2502 603 2581 gula?
624 2523 694 2581 ergo
709 2502 810 2562 omnia
824 2501 910 2573 fiunt,

146 2617 176 2677 si
192 2616 294 2690 nescis,
310 2625 344 2676 ut
357 2637 411 2696 per
426 2615 566 2676 lacrimas
580 2616 732 2676 effundere
746 2615 838 2675 bilem

146 2728 268 2807 cogaris
282 2749 441 2808 pressoque
456 2729 508 2788 diu
523 2729 649 2789 stridere
663 2728 780 2788 molari.

144 2852 187 2904 tu
201 2839 258 2901 tibi
272 2840 349 2900 liber
363 2840 453 2902 homo
468 2849 498 2901 et
512 2841 589 2920 regis
604 2840 734 2902 conviva
748 2840 876 2903 videris:

145 2961 274 3032 captum
289 2961 319 3012 te
333 2953 438 3013 nidore
452 2973 523 3013 suae
536 2962 626 3032 putat
640 2953 693 3012 ille
708 2952 837 3026 culinae,

145 3087 206 3128 neo
220 3065 302 3126 male
316 3067 465 3146 conjectat
473 3088 481 3139 3
503 3066 570 3146 quis
584 3067 665 3127 enim
679 3076 743 3128 tam
757 3068 865 3141 nudus,
879 3076 914 3128 ut
928 3067 1016 3130 illum

146 3179 198 3241 bis
213 3178 298 3251 ferat,
314 3179 477 3240 Etruscum
492 3199 586 3259 puero
601 3179 626 3239 si
641 3180 767 3259 contigit
781 3178 891 3240 aurum

146 3289 201 3353 vel
216 3289 313 3350 nodus
326 3297 446 3349 tantum
462 3300 492 3350 et
505 3289 624 3369 signum
639 3291 677 3350 de
690 3309 822 3369 paupere
836 3290 923 3351 loro?
1052 3291 1110 3351 165

147 3421 218 3482 spes
233 3401 308 3461 bene
323 3401 451 3461 cenandi
465 3421 518 3463 vos
533 3401 662 3480 decipit:
686 3406 770 3462 ‘ecce
783 3401 869 3462 dabit
878 3402 944 3480 jam

600 3499 625 3548 D
635 3500 651 3548 2
