<?xml version="1.0" encoding="UTF-8"?>
<!DOCTYPE html PUBLIC "-//W3C//DTD XHTML 1.0 Transitional//EN"
    "http://www.w3.org/TR/xhtml1/DTD/xhtml1-transitional.dtd">
<html xmlns="http://www.w3.org/1999/xhtml" xml:lang="en" lang="en">
 <head>
  <title>
</title>
<meta http-equiv="Content-Type" content="text/html;charset=utf-8" />
  <meta name='ocr-system' content='tesseract 3.04.00' />
  <meta name='ocr-capabilities' content='ocr_page ocr_carea ocr_par ocr_line ocrx_word'/>
</head>
<body>
  <div class='ocr_page' id='page_1' title='image "./selectionsfroms01persgoog_0092.png"; bbox 0 0 2536 3806; ppageno 0'>
   <div class='ocr_carea' id='block_1_1' title="bbox 457 207 1096 272">
    <p class='ocr_par' dir='ltr' id='par_1_1' title="bbox 457 207 1096 272">
     <span class='ocr_line' id='line_1_1' title="bbox 457 207 1096 272; baseline 0.003 -2"><span class='ocrx_word' id='word_1_1' title='bbox 457 222 630 271; x_wconf 67' lang='lat' dir='ltr'><strong>servas</strong></span> <span class='ocrx_word' id='word_1_2' title='bbox 659 223 766 270; x_wconf 87' lang='lat' dir='ltr'>x111.</span> <span class='ocrx_word' id='word_1_3' title='bbox 1053 207 1096 272; x_wconf 84' lang='lat'><strong>85</strong></span> 
     </span>
    </p>
   </div>
   <div class='ocr_carea' id='block_1_2' title="bbox 134 379 1098 688">
    <p class='ocr_par' dir='ltr' id='par_1_2' title="bbox 134 379 1098 688">
     <span class='ocr_line' id='line_1_2' title="bbox 134 379 920 461; baseline -0.001 -19"><span class='ocrx_word' id='word_1_4' title='bbox 134 379 369 461; x_wconf 81' lang='lat' dir='ltr'><strong>sardonychum,</strong></span> <span class='ocrx_word' id='word_1_5' title='bbox 383 379 490 442; x_wconf 90' lang='lat' dir='ltr'><strong>loculis</strong></span> <span class='ocrx_word' id='word_1_6' title='bbox 506 401 584 460; x_wconf 87' lang='lat' dir='ltr'><strong>quae</strong></span> <span class='ocrx_word' id='word_1_7' title='bbox 598 379 767 441; x_wconf 82' lang='lat' dir='ltr'>custoditur</span> <span class='ocrx_word' id='word_1_8' title='bbox 780 379 920 442; x_wconf 90' lang='lat' dir='ltr'><strong>eburnis:</strong></span> 
     </span>
     <span class='ocr_line' id='line_1_3' title="bbox 134 493 1098 572; baseline -0.002 -16"><span class='ocrx_word' id='word_1_9' title='bbox 134 495 196 556; x_wconf 89' lang='lat' dir='ltr'><strong>ten&#39;</strong></span> <span class='ocrx_word' id='word_1_10' title='bbox 213 494 245 568; x_wconf 87' lang='lat' dir='ltr'><strong>(o</strong></span> <span class='ocrx_word' id='word_1_11' title='bbox 259 493 383 554; x_wconf 81' lang='lat' dir='ltr'><strong>delicias</strong></span> <span class='ocrx_word' id='word_1_12' title='bbox 392 495 415 572; x_wconf 88' lang='lat' dir='ltr'><strong>l)</strong></span> <span class='ocrx_word' id='word_1_13' title='bbox 431 502 519 554; x_wconf 79' lang='lat' dir='ltr'><strong>extm</strong></span> <span class='ocrx_word' id='word_1_14' title='bbox 533 493 705 555; x_wconf 88' lang='lat' dir='ltr'><strong>communia</strong></span> <span class='ocrx_word' id='word_1_15' title='bbox 719 514 820 556; x_wconf 81' lang='lat' dir='ltr'>censes</span> <span class='ocrx_word' id='word_1_16' title='bbox 1039 493 1098 554; x_wconf 88' lang='grc'><strong>140</strong></span> 
     </span>
     <span class='ocr_line' id='line_1_4' title="bbox 134 607 811 688; baseline 0.001 -19"><span class='ocrx_word' id='word_1_17' title='bbox 134 607 321 688; x_wconf 91' lang='lat' dir='ltr'><strong>ponendum,</strong></span> <span class='ocrx_word' id='word_1_18' title='bbox 336 607 409 688; x_wconf 89' lang='lat' dir='ltr'><strong>quia</strong></span> <span class='ocrx_word' id='word_1_19' title='bbox 422 615 457 668; x_wconf 88' lang='lat' dir='ltr'><strong>tu</strong></span> <span class='ocrx_word' id='word_1_20' title='bbox 470 607 605 687; x_wconf 81' lang='lat' dir='ltr'>gallinae</span> <span class='ocrx_word' id='word_1_21' title='bbox 618 607 699 668; x_wconf 89' lang='lat' dir='ltr'><strong>filius</strong></span> <span class='ocrx_word' id='word_1_22' title='bbox 713 607 811 682; x_wconf 90' lang='lat' dir='ltr'><strong>albae,</strong></span> 
     </span>
    </p>
   </div>
   <div class='ocr_carea' id='block_1_3' title="bbox 134 719 1098 3399">
    <p class='ocr_par' dir='ltr' id='par_1_3' title="bbox 135 719 739 800">
     <span class='ocr_line' id='line_1_5' title="bbox 135 719 739 800; baseline 0 -17"><span class='ocrx_word' id='word_1_23' title='bbox 135 743 190 785; x_wconf 89' lang='lat' dir='ltr'><strong>nos</strong></span> <span class='ocrx_word' id='word_1_24' title='bbox 203 719 280 784; x_wconf 88' lang='lat' dir='ltr'><strong>viles</strong></span> <span class='ocrx_word' id='word_1_25' title='bbox 294 720 373 800; x_wconf 93' lang='lat' dir='ltr'><strong>pulli</strong></span> <span class='ocrx_word' id='word_1_26' title='bbox 386 720 453 781; x_wconf 90' lang='lat' dir='ltr'><strong>nati</strong></span> <span class='ocrx_word' id='word_1_27' title='bbox 466 720 638 782; x_wconf 77' lang='lat' dir='ltr'><strong>infelicibus</strong></span> <span class='ocrx_word' id='word_1_28' title='bbox 653 722 739 783; x_wconf 84' lang='lat' dir='ltr'><strong>ovis?</strong></span> 
     </span>
    </p>

    <p class='ocr_par' dir='ltr' id='par_1_4' title="bbox 135 834 950 915">
     <span class='ocr_line' id='line_1_6' title="bbox 135 834 950 915; baseline -0.001 -18"><span class='ocrx_word' id='word_1_29' title='bbox 135 857 200 897; x_wconf 89' lang='lat' dir='ltr'><strong>rem</strong></span> <span class='ocrx_word' id='word_1_30' title='bbox 214 835 327 915; x_wconf 87' lang='lat' dir='ltr'><strong>pateris</strong></span> <span class='ocrx_word' id='word_1_31' title='bbox 342 835 492 897; x_wconf 78' lang='lat' dir='ltr'><strong>modicam</strong></span> <span class='ocrx_word' id='word_1_32' title='bbox 507 843 538 895; x_wconf 91' lang='lat' dir='ltr'><strong>et</strong></span> <span class='ocrx_word' id='word_1_33' title='bbox 551 834 695 896; x_wconf 89' lang='lat' dir='ltr'><strong>mediocri</strong></span> <span class='ocrx_word' id='word_1_34' title='bbox 709 834 771 896; x_wconf 89' lang='lat' dir='ltr'><strong>bile</strong></span> <span class='ocrx_word' id='word_1_35' title='bbox 784 834 950 910; x_wconf 86' lang='lat' dir='ltr'><strong>ferendam,</strong></span> 
     </span>
    </p>

    <p class='ocr_par' dir='ltr' id='par_1_5' title="bbox 134 947 877 1038">
     <span class='ocr_line' id='line_1_7' title="bbox 134 947 877 1038; baseline -0.004 -28"><span class='ocrx_word' id='word_1_36' title='bbox 134 950 160 1010; x_wconf 93' lang='lat' dir='ltr'><strong>si</strong></span> <span class='ocrx_word' id='word_1_37' title='bbox 175 949 280 1038; x_wconf 86' lang='lat' dir='ltr'><strong>flectas</strong></span> <span class='ocrx_word' id='word_1_38' title='bbox 294 947 396 1008; x_wconf 88' lang='lat' dir='ltr'><strong>oculos</strong></span> <span class='ocrx_word' id='word_1_39' title='bbox 411 948 526 1028; x_wconf 87' lang='lat' dir='ltr'><strong>majora</strong></span> <span class='ocrx_word' id='word_1_40' title='bbox 541 947 581 1008; x_wconf 88' lang='lat' dir='ltr'><strong>ad</strong></span> <span class='ocrx_word' id='word_1_41' title='bbox 596 947 732 1008; x_wconf 90' lang='lat' dir='ltr'><strong>crimina.</strong></span> <span class='ocrx_word' id='word_1_42' title='bbox 774 947 877 1009; x_wconf 90' lang='lat' dir='ltr'><strong>confer</strong></span> 
     </span>
    </p>

    <p class='ocr_par' dir='ltr' id='par_1_6' title="bbox 135 1059 1098 1256">
     <span class='ocr_line' id='line_1_8' title="bbox 135 1059 1098 1140; baseline -0.003 -17"><span class='ocrx_word' id='word_1_43' title='bbox 135 1062 321 1123; x_wconf 88' lang='lat' dir='ltr'><strong>conductum</strong></span> <span class='ocrx_word' id='word_1_44' title='bbox 336 1061 496 1134; x_wconf 90' lang='lat' dir='ltr'><strong>latronem,</strong></span> <span class='ocrx_word' id='word_1_45' title='bbox 511 1061 651 1122; x_wconf 87' lang='lat' dir='ltr'><strong>incendia</strong></span> <span class='ocrx_word' id='word_1_46' title='bbox 665 1061 789 1140; x_wconf 84' lang='lat' dir='ltr'><strong>sulpure</strong></span> <span class='ocrx_word' id='word_1_47' title='bbox 804 1070 911 1140; x_wconf 92' lang='lat' dir='ltr'><strong>coepta</strong></span> <span class='ocrx_word' id='word_1_48' title='bbox 1040 1059 1098 1120; x_wconf 87' lang='grc'><strong>145</strong></span> 
     </span>
     <span class='ocr_line' id='line_1_9' title="bbox 136 1173 893 1256; baseline -0.003 -20"><span class='ocrx_word' id='word_1_49' title='bbox 136 1186 228 1256; x_wconf 89' lang='lat' dir='ltr'><strong>atque</strong></span> <span class='ocrx_word' id='word_1_50' title='bbox 242 1174 322 1248; x_wconf 94' lang='lat' dir='ltr'><strong>dolo,</strong></span> <span class='ocrx_word' id='word_1_51' title='bbox 336 1175 449 1253; x_wconf 88' lang='lat' dir='ltr'><strong>primos</strong></span> <span class='ocrx_word' id='word_1_52' title='bbox 463 1195 533 1236; x_wconf 89' lang='lat' dir='ltr'><strong>cum</strong></span> <span class='ocrx_word' id='word_1_53' title='bbox 549 1174 646 1254; x_wconf 87' lang='lat' dir='ltr'><strong>janua</strong></span> <span class='ocrx_word' id='word_1_54' title='bbox 661 1173 778 1254; x_wconf 83' lang='lat' dir='ltr'><strong>colligit</strong></span> <span class='ocrx_word' id='word_1_55' title='bbox 792 1174 893 1254; x_wconf 87' lang='lat' dir='ltr'><strong>ignes;</strong></span> 
     </span>
    </p>

    <p class='ocr_par' dir='ltr' id='par_1_7' title="bbox 137 1285 943 1367">
     <span class='ocr_line' id='line_1_10' title="bbox 137 1285 943 1367; baseline -0.006 -16"><span class='ocrx_word' id='word_1_56' title='bbox 137 1289 240 1351; x_wconf 89' lang='lat' dir='ltr'><strong>confer</strong></span> <span class='ocrx_word' id='word_1_57' title='bbox 254 1299 284 1350; x_wconf 92' lang='lat' dir='ltr'><strong>et</strong></span> <span class='ocrx_word' id='word_1_58' title='bbox 298 1289 361 1362; x_wconf 89' lang='lat' dir='ltr'><strong>hos,</strong></span> <span class='ocrx_word' id='word_1_59' title='bbox 375 1290 484 1350; x_wconf 89' lang='lat' dir='ltr'><strong>veteris</strong></span> <span class='ocrx_word' id='word_1_60' title='bbox 498 1288 551 1367; x_wconf 94' lang='lat' dir='ltr'><strong>qui</strong></span> <span class='ocrx_word' id='word_1_61' title='bbox 565 1286 678 1348; x_wconf 89' lang='lat' dir='ltr'><strong>tollunt</strong></span> <span class='ocrx_word' id='word_1_62' title='bbox 692 1286 821 1367; x_wconf 87' lang='lat' dir='ltr'><strong>grandia</strong></span> <span class='ocrx_word' id='word_1_63' title='bbox 835 1285 943 1366; x_wconf 89' lang='lat' dir='ltr'><strong>templi</strong></span> 
     </span>
    </p>

    <p class='ocr_par' dir='ltr' id='par_1_8' title="bbox 135 1401 835 1484">
     <span class='ocr_line' id='line_1_11' title="bbox 135 1401 835 1484; baseline -0.006 -20"><span class='ocrx_word' id='word_1_64' title='bbox 135 1402 248 1484; x_wconf 88' lang='lat' dir='ltr'><strong>pocula</strong></span> <span class='ocrx_word' id='word_1_65' title='bbox 261 1402 434 1463; x_wconf 89' lang='lat' dir='ltr'><strong>adorandae</strong></span> <span class='ocrx_word' id='word_1_66' title='bbox 449 1401 593 1480; x_wconf 83' lang='lat' dir='ltr'><strong>robiginis</strong></span> <span class='ocrx_word' id='word_1_67' title='bbox 607 1410 638 1462; x_wconf 89' lang='lat' dir='ltr'><strong>et</strong></span> <span class='ocrx_word' id='word_1_68' title='bbox 651 1401 835 1482; x_wconf 89' lang='lat' dir='ltr'><strong>populorum</strong></span> 
     </span>
    </p>

    <p class='ocr_par' dir='ltr' id='par_1_9' title="bbox 135 1515 809 1594">
     <span class='ocr_line' id='line_1_12' title="bbox 135 1515 809 1594; baseline -0.003 -16"><span class='ocrx_word' id='word_1_69' title='bbox 135 1517 217 1578; x_wconf 90' lang='lat' dir='ltr'><strong>dona</strong></span> <span class='ocrx_word' id='word_1_70' title='bbox 230 1515 421 1594; x_wconf 79' lang='lat' dir='ltr'><strong>volantique</strong></span> <span class='ocrx_word' id='word_1_71' title='bbox 435 1515 547 1594; x_wconf 86' lang='lat' dir='ltr'><strong>positas</strong></span> <span class='ocrx_word' id='word_1_72' title='bbox 561 1535 580 1574; x_wconf 98' lang='grc'><strong>5</strong></span> <span class='ocrx_word' id='word_1_73' title='bbox 594 1535 663 1594; x_wconf 84' lang='lat' dir='ltr'><strong>rege</strong></span> <span class='ocrx_word' id='word_1_74' title='bbox 676 1535 809 1576; x_wconf 87' lang='lat' dir='ltr'><strong>coronas.</strong></span> 
     </span>
    </p>

    <p class='ocr_par' dir='ltr' id='par_1_10' title="bbox 136 1629 1098 1822">
     <span class='ocr_line' id='line_1_13' title="bbox 136 1629 1098 1712; baseline -0.001 -20"><span class='ocrx_word' id='word_1_75' title='bbox 136 1632 211 1692; x_wconf 88' lang='lat' dir='ltr'><strong>haec</strong></span> <span class='ocrx_word' id='word_1_76' title='bbox 225 1629 269 1690; x_wconf 94' lang='lat' dir='ltr'><strong>ibi</strong></span> <span class='ocrx_word' id='word_1_77' title='bbox 282 1630 308 1690; x_wconf 90' lang='lat' dir='ltr'><strong>si</strong></span> <span class='ocrx_word' id='word_1_78' title='bbox 322 1650 382 1690; x_wconf 90' lang='lat' dir='ltr'><strong>non</strong></span> <span class='ocrx_word' id='word_1_79' title='bbox 396 1639 476 1698; x_wconf 83' lang='lat' dir='ltr'><strong>sunt,</strong></span> <span class='ocrx_word' id='word_1_80' title='bbox 491 1631 590 1690; x_wconf 86' lang='lat' dir='ltr'><strong>minor</strong></span> <span class='ocrx_word' id='word_1_81' title='bbox 603 1639 704 1690; x_wconf 85' lang='lat' dir='ltr'><strong>exstat</strong></span> <span class='ocrx_word' id='word_1_82' title='bbox 718 1630 891 1710; x_wconf 87' lang='lat' dir='ltr'><strong>sacrilegus,</strong></span> <span class='ocrx_word' id='word_1_83' title='bbox 905 1629 958 1712; x_wconf 88' lang='lat' dir='ltr'><strong>qui</strong></span> <span class='ocrx_word' id='word_1_84' title='bbox 1039 1629 1098 1691; x_wconf 90' lang='grc'><strong>150</strong></span> 
     </span>
     <span class='ocr_line' id='line_1_14' title="bbox 136 1742 924 1822; baseline -0.004 -17"><span class='ocrx_word' id='word_1_85' title='bbox 136 1745 227 1805; x_wconf 87' lang='lat' dir='ltr'><strong>radat</strong></span> <span class='ocrx_word' id='word_1_86' title='bbox 240 1743 374 1803; x_wconf 89' lang='lat' dir='ltr'><strong>inaurati</strong></span> <span class='ocrx_word' id='word_1_87' title='bbox 389 1743 487 1802; x_wconf 88' lang='lat' dir='ltr'><strong>femur</strong></span> <span class='ocrx_word' id='word_1_88' title='bbox 501 1742 645 1803; x_wconf 87' lang='lat' dir='ltr'><strong>Herculis</strong></span> <span class='ocrx_word' id='word_1_89' title='bbox 660 1752 690 1803; x_wconf 91' lang='lat' dir='ltr'><strong>et</strong></span> <span class='ocrx_word' id='word_1_90' title='bbox 704 1743 813 1804; x_wconf 83' lang='lat' dir='ltr'><strong>faciem</strong></span> <span class='ocrx_word' id='word_1_91' title='bbox 828 1743 924 1822; x_wconf 90' lang='lat' dir='ltr'><strong>ipsam</strong></span> 
     </span>
    </p>

    <p class='ocr_par' dir='ltr' id='par_1_11' title="bbox 136 1856 863 1937">
     <span class='ocr_line' id='line_1_15' title="bbox 136 1856 863 1937; baseline -0.001 -18"><span class='ocrx_word' id='word_1_92' title='bbox 136 1857 285 1937; x_wconf 87' lang='lat' dir='ltr'><strong>Neptuni,</strong></span> <span class='ocrx_word' id='word_1_93' title='bbox 300 1857 352 1937; x_wconf 90' lang='lat' dir='ltr'><strong>qui</strong></span> <span class='ocrx_word' id='word_1_94' title='bbox 366 1856 548 1917; x_wconf 80' lang='lat' dir='ltr'><strong>bratteolam</strong></span> <span class='ocrx_word' id='word_1_95' title='bbox 563 1857 601 1916; x_wconf 87' lang='lat' dir='ltr'><strong>de</strong></span> <span class='ocrx_word' id='word_1_96' title='bbox 615 1857 738 1918; x_wconf 82' lang='lat' dir='ltr'><strong>Castore</strong></span> <span class='ocrx_word' id='word_1_97' title='bbox 753 1858 863 1930; x_wconf 88' lang='lat' dir='ltr'><strong>ducat;</strong></span> 
     </span>
    </p>

    <p class='ocr_par' dir='ltr' id='par_1_12' title="bbox 136 1969 936 2034">
     <span class='ocr_line' id='line_1_16' title="bbox 136 1969 936 2034; baseline -0.001 0"><span class='ocrx_word' id='word_1_98' title='bbox 136 1993 176 2034; x_wconf 91' lang='lat' dir='ltr'><strong>an</strong></span> <span class='ocrx_word' id='word_1_99' title='bbox 191 1971 331 2033; x_wconf 81' lang='lat' dir='ltr'><strong>dubitet?</strong></span> <span class='ocrx_word' id='word_1_100' title='bbox 352 1971 499 2032; x_wconf 85' lang='lat' dir='ltr'><strong>solitumst</strong></span> <span class='ocrx_word' id='word_1_101' title='bbox 512 1980 610 2031; x_wconf 90' lang='lat' dir='ltr'><strong>totum</strong></span> <span class='ocrx_word' id='word_1_102' title='bbox 626 1969 757 2032; x_wconf 88' lang='lat' dir='ltr'><strong>conflare</strong></span> <span class='ocrx_word' id='word_1_103' title='bbox 772 1981 936 2033; x_wconf 91' lang='lat' dir='ltr'><strong>tonantem.</strong></span> 
     </span>
    </p>

    <p class='ocr_par' dir='ltr' id='par_1_13' title="bbox 136 2081 823 2160">
     <span class='ocr_line' id='line_1_17' title="bbox 136 2081 823 2160; baseline -0.004 -15"><span class='ocrx_word' id='word_1_104' title='bbox 136 2082 240 2145; x_wconf 86' lang='lat' dir='ltr'><strong>confer</strong></span> <span class='ocrx_word' id='word_1_105' title='bbox 254 2091 285 2142; x_wconf 89' lang='lat' dir='ltr'><strong>et</strong></span> <span class='ocrx_word' id='word_1_106' title='bbox 298 2081 428 2142; x_wconf 89' lang='lat' dir='ltr'><strong>artifices</strong></span> <span class='ocrx_word' id='word_1_107' title='bbox 443 2090 700 2160; x_wconf 86' lang='lat' dir='ltr'><strong>mercatoremque</strong></span> <span class='ocrx_word' id='word_1_108' title='bbox 715 2083 823 2144; x_wconf 91' lang='lat' dir='ltr'><strong>veneni</strong></span> 
     </span>
    </p>

    <p class='ocr_par' dir='ltr' id='par_1_14' title="bbox 136 2192 1097 2369">
     <span class='ocr_line' id='line_1_18' title="bbox 136 2192 1097 2274; baseline -0.001 -19"><span class='ocrx_word' id='word_1_109' title='bbox 136 2204 167 2255; x_wconf 91' lang='lat' dir='ltr'><strong>et</strong></span> <span class='ocrx_word' id='word_1_110' title='bbox 181 2192 393 2254; x_wconf 89' lang='lat' dir='ltr'><strong>deducendum</strong></span> <span class='ocrx_word' id='word_1_111' title='bbox 407 2193 489 2255; x_wconf 91' lang='lat' dir='ltr'><strong>corio</strong></span> <span class='ocrx_word' id='word_1_112' title='bbox 503 2193 590 2254; x_wconf 85' lang='lat' dir='ltr'><strong>bovis</strong></span> <span class='ocrx_word' id='word_1_113' title='bbox 604 2193 635 2252; x_wconf 91' lang='lat' dir='ltr'><strong>in</strong></span> <span class='ocrx_word' id='word_1_114' title='bbox 651 2213 742 2267; x_wconf 86' lang='lat' dir='ltr'><strong>mare,</strong></span> <span class='ocrx_word' id='word_1_115' title='bbox 758 2214 828 2254; x_wconf 90' lang='lat' dir='ltr'><strong>cum</strong></span> <span class='ocrx_word' id='word_1_116' title='bbox 842 2214 902 2274; x_wconf 92' lang='lat' dir='ltr'><strong>quo</strong></span> <span class='ocrx_word' id='word_1_117' title='bbox 1038 2194 1097 2255; x_wconf 83' lang='lat'><strong>155</strong></span> 
     </span>
     <span class='ocr_line' id='line_1_19' title="bbox 136 2305 775 2369; baseline 0 -1"><span class='ocrx_word' id='word_1_118' title='bbox 136 2307 293 2369; x_wconf 84' lang='lat' dir='ltr'><strong>clauditur</strong></span> <span class='ocrx_word' id='word_1_119' title='bbox 306 2305 440 2368; x_wconf 88' lang='lat' dir='ltr'><strong>adversis</strong></span> <span class='ocrx_word' id='word_1_120' title='bbox 454 2306 580 2367; x_wconf 87' lang='lat' dir='ltr'><strong>innoxia</strong></span> <span class='ocrx_word' id='word_1_121' title='bbox 594 2307 683 2367; x_wconf 89' lang='lat' dir='ltr'><strong>simia</strong></span> <span class='ocrx_word' id='word_1_122' title='bbox 696 2307 775 2368; x_wconf 85' lang='lat' dir='ltr'><strong>fatis.</strong></span> 
     </span>
    </p>

    <p class='ocr_par' dir='ltr' id='par_1_15' title="bbox 135 2416 1029 2611">
     <span class='ocr_line' id='line_1_20' title="bbox 135 2416 1029 2498; baseline 0 -18"><span class='ocrx_word' id='word_1_123' title='bbox 135 2421 212 2480; x_wconf 91' lang='lat' dir='ltr'><strong>haec</strong></span> <span class='ocrx_word' id='word_1_124' title='bbox 227 2427 321 2498; x_wconf 87' lang='lat' dir='ltr'><strong>quota</strong></span> <span class='ocrx_word' id='word_1_125' title='bbox 335 2437 404 2496; x_wconf 89' lang='lat' dir='ltr'><strong>pars</strong></span> <span class='ocrx_word' id='word_1_126' title='bbox 418 2417 574 2491; x_wconf 88' lang='lat' dir='ltr'><strong>scelerum,</strong></span> <span class='ocrx_word' id='word_1_127' title='bbox 588 2439 666 2498; x_wconf 90' lang='lat' dir='ltr'><strong>quae</strong></span> <span class='ocrx_word' id='word_1_128' title='bbox 680 2427 778 2480; x_wconf 87' lang='lat' dir='ltr'><strong>custos</strong></span> <span class='ocrx_word' id='word_1_129' title='bbox 792 2418 931 2482; x_wconf 82' lang='lat' dir='ltr'><strong>Gallicus</strong></span> <span class='ocrx_word' id='word_1_130' title='bbox 946 2416 1029 2480; x_wconf 79' lang='lat' dir='ltr'><strong>urbis</strong></span> 
     </span>
     <span class='ocr_line' id='line_1_21' title="bbox 136 2521 838 2611; baseline 0.001 -20"><span class='ocrx_word' id='word_1_131' title='bbox 136 2551 232 2611; x_wconf 88' lang='lat' dir='ltr'><strong>usque</strong></span> <span class='ocrx_word' id='word_1_132' title='bbox 245 2551 265 2590; x_wconf 91' lang='lat' dir='ltr'><strong>a</strong></span> <span class='ocrx_word' id='word_1_133' title='bbox 278 2521 404 2590; x_wconf 76' lang='lat' dir='ltr'><strong>lucifero</strong></span> <span class='ocrx_word' id='word_1_134' title='bbox 418 2529 513 2590; x_wconf 90' lang='lat' dir='ltr'><strong>donec</strong></span> <span class='ocrx_word' id='word_1_135' title='bbox 527 2529 583 2590; x_wconf 88' lang='lat' dir='ltr'><strong>lux</strong></span> <span class='ocrx_word' id='word_1_136' title='bbox 597 2531 715 2592; x_wconf 90' lang='lat' dir='ltr'><strong>occidat</strong></span> <span class='ocrx_word' id='word_1_137' title='bbox 729 2531 838 2593; x_wconf 77' lang='lat' dir='ltr'><strong>audit?</strong></span> 
     </span>
    </p>

    <p class='ocr_par' dir='ltr' id='par_1_16' title="bbox 136 2639 867 2719">
     <span class='ocr_line' id='line_1_22' title="bbox 136 2639 867 2719; baseline -0.001 -17"><span class='ocrx_word' id='word_1_138' title='bbox 136 2640 265 2702; x_wconf 89' lang='lat' dir='ltr'><strong>humani</strong></span> <span class='ocrx_word' id='word_1_139' title='bbox 278 2639 395 2719; x_wconf 86' lang='lat' dir='ltr'><strong>generis</strong></span> <span class='ocrx_word' id='word_1_140' title='bbox 409 2659 507 2700; x_wconf 86' lang='lat' dir='ltr'><strong>mores</strong></span> <span class='ocrx_word' id='word_1_141' title='bbox 520 2639 578 2700; x_wconf 92' lang='lat' dir='ltr'><strong>tibi</strong></span> <span class='ocrx_word' id='word_1_142' title='bbox 592 2661 677 2701; x_wconf 92' lang='lat' dir='ltr'><strong>nosse</strong></span> <span class='ocrx_word' id='word_1_143' title='bbox 692 2640 808 2703; x_wconf 90' lang='lat' dir='ltr'><strong>volenti</strong></span> <span class='ocrx_word' id='word_1_144' title='bbox 865 2661 867 2666; x_wconf 92' lang='lat'>·</span> 
     </span>
    </p>

    <p class='ocr_par' dir='ltr' id='par_1_17' title="bbox 135 2754 1097 2947">
     <span class='ocr_line' id='line_1_23' title="bbox 135 2754 1097 2832; baseline -0.003 -15"><span class='ocrx_word' id='word_1_145' title='bbox 135 2754 248 2817; x_wconf 88' lang='lat' dir='ltr'><strong>sufficit</strong></span> <span class='ocrx_word' id='word_1_146' title='bbox 261 2774 323 2814; x_wconf 90' lang='lat' dir='ltr'><strong>una</strong></span> <span class='ocrx_word' id='word_1_147' title='bbox 337 2754 460 2826; x_wconf 89' lang='lat' dir='ltr'><strong>domus;</strong></span> <span class='ocrx_word' id='word_1_148' title='bbox 482 2773 593 2832; x_wconf 88' lang='lat' dir='ltr'><strong>paucos</strong></span> <span class='ocrx_word' id='word_1_149' title='bbox 608 2775 750 2816; x_wconf 91' lang='lat' dir='ltr'><strong>consume</strong></span> <span class='ocrx_word' id='word_1_150' title='bbox 763 2754 836 2829; x_wconf 89' lang='lat' dir='ltr'><strong>dies,</strong></span> <span class='ocrx_word' id='word_1_151' title='bbox 851 2764 880 2816; x_wconf 90' lang='lat' dir='ltr'><strong>et</strong></span> <span class='ocrx_word' id='word_1_152' title='bbox 1039 2755 1097 2815; x_wconf 87' lang='lat'><strong>160</strong></span> 
     </span>
     <span class='ocr_line' id='line_1_24' title="bbox 135 2865 966 2947; baseline -0.004 -16"><span class='ocrx_word' id='word_1_153' title='bbox 135 2870 238 2931; x_wconf 89' lang='lat' dir='ltr'><strong>dicere</strong></span> <span class='ocrx_word' id='word_1_154' title='bbox 251 2876 282 2928; x_wconf 87' lang='lat' dir='ltr'><strong>te</strong></span> <span class='ocrx_word' id='word_1_155' title='bbox 295 2865 447 2940; x_wconf 89' lang='lat' dir='ltr'><strong>miserum,</strong></span> <span class='ocrx_word' id='word_1_156' title='bbox 463 2875 623 2947; x_wconf 88' lang='lat' dir='ltr'><strong>postquam</strong></span> <span class='ocrx_word' id='word_1_157' title='bbox 639 2867 725 2928; x_wconf 92' lang='lat' dir='ltr'><strong>illinc</strong></span> <span class='ocrx_word' id='word_1_158' title='bbox 738 2868 865 2941; x_wconf 90' lang='lat' dir='ltr'><strong>veneris,</strong></span> <span class='ocrx_word' id='word_1_159' title='bbox 879 2865 966 2929; x_wconf 91' lang='lat' dir='ltr'><strong>aude.</strong></span> 
     </span>
    </p>

    <p class='ocr_par' dir='ltr' id='par_1_18' title="bbox 135 2978 1008 3062">
     <span class='ocr_line' id='line_1_25' title="bbox 135 2978 1008 3062; baseline 0 -20"><span class='ocrx_word' id='word_1_160' title='bbox 135 2982 204 3062; x_wconf 90' lang='lat' dir='ltr'><strong>quis</strong></span> <span class='ocrx_word' id='word_1_161' title='bbox 218 2979 371 3042; x_wconf 89' lang='lat' dir='ltr'><strong>tumidum</strong></span> <span class='ocrx_word' id='word_1_162' title='bbox 385 2989 492 3059; x_wconf 85' lang='lat' dir='ltr'><strong>guttur</strong></span> <span class='ocrx_word' id='word_1_163' title='bbox 506 2981 635 3041; x_wconf 87' lang='lat' dir='ltr'><strong>miratur</strong></span> <span class='ocrx_word' id='word_1_164' title='bbox 649 2980 680 3040; x_wconf 94' lang='lat' dir='ltr'><strong>in</strong></span> <span class='ocrx_word' id='word_1_165' title='bbox 695 2979 851 3061; x_wconf 79' lang='lat' dir='ltr'><strong>Alpibus?</strong></span> <span class='ocrx_word' id='word_1_166' title='bbox 872 2991 927 3042; x_wconf 92' lang='lat' dir='ltr'><strong>aut</strong></span> <span class='ocrx_word' id='word_1_167' title='bbox 941 2978 1008 3060; x_wconf 90' lang='lat' dir='ltr'><strong>quis</strong></span> 
     </span>
    </p>

    <p class='ocr_par' dir='ltr' id='par_1_19' title="bbox 136 3093 898 3172">
     <span class='ocr_line' id='line_1_26' title="bbox 136 3093 898 3172; baseline -0.003 -18"><span class='ocrx_word' id='word_1_168' title='bbox 136 3097 168 3154; x_wconf 90' lang='lat' dir='ltr'><strong>in</strong></span> <span class='ocrx_word' id='word_1_169' title='bbox 183 3093 289 3155; x_wconf 71' lang='lat' dir='ltr'><strong>Meroe</strong></span> <span class='ocrx_word' id='word_1_170' title='bbox 303 3112 402 3154; x_wconf 86' lang='lat' dir='ltr'><strong>crasso</strong></span> <span class='ocrx_word' id='word_1_171' title='bbox 417 3093 561 3172; x_wconf 88' lang='lat' dir='ltr'><strong>majorem</strong></span> <span class='ocrx_word' id='word_1_172' title='bbox 576 3093 693 3154; x_wconf 89' lang='lat' dir='ltr'><strong>infante</strong></span> <span class='ocrx_word' id='word_1_173' title='bbox 707 3093 898 3153; x_wconf 82' lang='lat' dir='ltr'><strong>mamillam?</strong></span> 
     </span>
    </p>

    <p class='ocr_par' dir='ltr' id='par_1_20' title="bbox 136 3203 902 3284">
     <span class='ocr_line' id='line_1_27' title="bbox 136 3203 902 3284; baseline -0.003 -16"><span class='ocrx_word' id='word_1_174' title='bbox 136 3205 260 3268; x_wconf 90' lang='lat' dir='ltr'><strong>caerula</strong></span> <span class='ocrx_word' id='word_1_175' title='bbox 273 3205 340 3284; x_wconf 92' lang='lat' dir='ltr'><strong>quis</strong></span> <span class='ocrx_word' id='word_1_176' title='bbox 354 3205 472 3284; x_wconf 89' lang='lat' dir='ltr'><strong>stupuit</strong></span> <span class='ocrx_word' id='word_1_177' title='bbox 485 3203 631 3266; x_wconf 85' lang='lat' dir='ltr'><strong>Germani</strong></span> <span class='ocrx_word' id='word_1_178' title='bbox 646 3204 773 3276; x_wconf 90' lang='lat' dir='ltr'><strong>lumina,</strong></span> <span class='ocrx_word' id='word_1_179' title='bbox 789 3205 902 3266; x_wconf 89' lang='lat' dir='ltr'><strong>flavam</strong></span> 
     </span>
    </p>

    <p class='ocr_par' dir='ltr' id='par_1_21' title="bbox 136 3318 1097 3399">
     <span class='ocr_line' id='line_1_28' title="bbox 136 3318 1097 3399; baseline -0.004 -17"><span class='ocrx_word' id='word_1_180' title='bbox 136 3319 297 3382; x_wconf 84' lang='lat' dir='ltr'><strong>caesariem</strong></span> <span class='ocrx_word' id='word_1_181' title='bbox 314 3328 343 3379; x_wconf 90' lang='lat' dir='ltr'><strong>et</strong></span> <span class='ocrx_word' id='word_1_182' title='bbox 357 3318 480 3380; x_wconf 92' lang='lat' dir='ltr'><strong>madido</strong></span> <span class='ocrx_word' id='word_1_183' title='bbox 495 3327 684 3399; x_wconf 86' lang='lat' dir='ltr'><strong>torquentem</strong></span> <span class='ocrx_word' id='word_1_184' title='bbox 701 3339 815 3380; x_wconf 90' lang='lat' dir='ltr'><strong>cornua</strong></span> <span class='ocrx_word' id='word_1_185' title='bbox 830 3319 930 3380; x_wconf 81' lang='lat' dir='ltr'><strong>cirr0?</strong></span> <span class='ocrx_word' id='word_1_186' title='bbox 1039 3319 1097 3379; x_wconf 91' lang='grc'><strong>165</strong></span> 
     </span>
    </p>
   </div>
   <div class='ocr_carea' id='block_1_4' title="bbox 136 3431 925 3577">
    <p class='ocr_par' dir='ltr' id='par_1_22' title="bbox 136 3431 925 3577">
     <span class='ocr_line' id='line_1_29' title="bbox 136 3431 925 3512; baseline -0.003 -18"><span class='ocrx_word' id='word_1_187' title='bbox 136 3453 246 3512; x_wconf 87' lang='lat' dir='ltr'><strong>nempe</strong></span> <span class='ocrx_word' id='word_1_188' title='bbox 260 3431 340 3512; x_wconf 88' lang='lat' dir='ltr'><strong>quod</strong></span> <span class='ocrx_word' id='word_1_189' title='bbox 354 3431 429 3492; x_wconf 92' lang='lat' dir='ltr'><strong>haec</strong></span> <span class='ocrx_word' id='word_1_190' title='bbox 443 3431 505 3492; x_wconf 91' lang='lat' dir='ltr'><strong>illis</strong></span> <span class='ocrx_word' id='word_1_191' title='bbox 518 3441 629 3492; x_wconf 87' lang='lat' dir='ltr'><strong>natura</strong></span> <span class='ocrx_word' id='word_1_192' title='bbox 643 3440 687 3492; x_wconf 86' lang='lat' dir='ltr'><strong>est</strong></span> <span class='ocrx_word' id='word_1_193' title='bbox 700 3432 840 3492; x_wconf 90' lang='lat' dir='ltr'><strong>omnibus</strong></span> <span class='ocrx_word' id='word_1_194' title='bbox 855 3451 925 3492; x_wconf 83' lang='lat' dir='ltr'><strong>una</strong></span> 
     </span>
     <span class='ocr_line' id='line_1_30' title="bbox 601 3525 632 3577; baseline 0 0"><span class='ocrx_word' id='word_1_195' title='bbox 601 3525 632 3577; x_wconf 92' lang='lat' dir='ltr'>H</span> 
     </span>
    </p>
   </div>
   <div class='ocr_carea' id='block_1_5' title="bbox 0 0 1274 3806">
    <p class='ocr_par' dir='ltr' id='par_1_23' title="bbox 0 0 1274 3806">
     <span class='ocr_line' id='line_1_31' title="bbox 0 0 1274 3806; baseline 0 0"><span class='ocrx_word' id='word_1_196' title='bbox 0 0 1274 3806; x_wconf 95' lang='lat' dir='ltr'><strong> </strong></span> 
     </span>
    </p>
   </div>
  </div>
 </body>
</html>
