2536 3806
155 253 198 316 34
240 315 242 320 ,
403 265 581 312 n.1vu11
610 263 876 311 rvvauanrs·

154 433 289 486 venator.
332 423 398 504 quis
414 423 493 482 enim
504 422 568 500 jam
583 441 644 480 non
659 419 815 497 intellegat
828 428 907 480 artes

155 537 318 618 patricias?
339 536 406 615 quis
420 535 553 614 priscum
568 532 646 592 illud
660 531 790 591 miratur
804 553 938 605 acumen,

155 651 259 725 Brute,
273 651 381 711 tuum?
401 648 491 708 facile
504 655 548 707 est
562 645 689 707 barbato
704 645 847 724 inponere
861 645 931 724 regi.

155 785 210 826 nec
225 764 331 824 melior
344 763 442 835 vultu,
457 760 596 840 quamvis
615 757 765 838 ignobilis,
779 757 845 818 ibat

156 878 300 950 Rubrius,
315 877 443 938 offensae
456 875 565 937 veteris
580 894 647 934 reus
662 882 752 953 atque
766 872 919 947 tacendae,

156 999 300 1052 ettamen
314 989 469 1069 inprobior
482 997 616 1048 saturam
630 985 777 1048 scribente
791 987 923 1048 cinaedo.

157 1105 299 1166 Montani
313 1124 431 1184 quoque
445 1111 551 1164 venter
565 1102 649 1163 adest
663 1100 824 1161 abdomine
839 1101 952 1175 tarduS,

157 1228 187 1280 et
200 1218 349 1279 matutino
364 1217 474 1278 sudans
488 1216 645 1296 Crispinus
659 1235 786 1288 amomo,

157 1340 304 1413 quantum
319 1332 374 1392 vix
388 1331 524 1391 redolent
538 1330 599 1390 duo
613 1332 737 1400 i'unera;
758 1328 875 1389 saevior
889 1328 943 1388 illo

157 1446 318 1526 Pompeius
332 1445 417 1506 tenui
426 1445 550 1525 jugulos
564 1444 681 1523 aperire
695 1464 825 1517 susurro,

158 1569 188 1621 et
201 1559 253 1639 qui
266 1558 439 1621 vulturibus
454 1557 594 1619 servabat
608 1558 722 1619 viscera
741 1556 834 1617 Dacis

158 1673 282 1746 Fuscus,
296 1658 464 1733 marmorea
477 1672 639 1732 meditatus
654 1670 768 1750 proelia
782 1670 866 1743 villa,

158 1796 270 1848 etcum
283 1787 438 1848 mortifero
452 1785 584 1865 prudens
598 1785 727 1847 Veiento
742 1783 873 1857 Catullo,

158 1901 210 1980 qui
224 1921 390 1979 numquam
404 1899 486 1960 visae
500 1897 649 1977 flagrabat
663 1917 764 1958 amore
778 1897 906 1977 puellae,

158 2014 272 2094 grande
292 2023 322 2074 et
342 2013 536 2092 conspicuum
557 2021 658 2073 nostro
673 2032 791 2091 quoque
805 2021 940 2091 tempore
953 2032 1035 2073 mon-

238 2135 343 2200 strum,
1057 2126 1118 2186 115

158 2259 262 2300 caecus
276 2239 417 2300 adulator
432 2239 573 2318 dirusque
587 2259 605 2298 a
619 2248 710 2318 ponte
725 2239 853 2314 satelles,

158 2352 267 2431 dignus
280 2351 421 2412 Aricinos
435 2352 487 2431 qui
501 2350 686 2416 mendicaret
700 2351 740 2411 ad
754 2372 826 2412 axes

159 2466 330 2546 blandaque
344 2466 477 2528 devexae
486 2466 616 2546 jactaret
629 2465 713 2525 basia
727 2466 824 2526 rodae.

157 2599 246 2640 nemo
259 2579 354 2658 magis
369 2579 529 2640 rhombum
543 2578 677 2657 stupuit:
699 2599 771 2640 nam
785 2579 918 2659 plurima
931 2580 1011 2641 dixit

158 2693 191 2752 in
205 2691 326 2753 laevum
341 2711 517 2764 conversus;
538 2691 630 2752 atilli
646 2692 754 2753 dextra
763 2690 886 2773 jacebat
1057 2693 1118 2754 120

158 2803 256 2865 belua.
297 2803 340 2864 sio
354 2824 470 2883 pugnas
484 2801 587 2866 Cilicis
605 2803 751 2866 laudabat
765 2816 795 2867 et
809 2807 885 2868 ictus

158 2926 188 2977 et
202 2936 310 2995 pegma
323 2925 354 2976 et
368 2934 475 2996 pueros
489 2917 559 2978 inde
574 2919 612 2978 ad
628 2918 743 2980 velaria
757 2927 866 3000 raptos.

159 3050 219 3090 non
233 3028 312 3089 cedit
326 3028 464 3103 Veiento,
479 3039 524 3091 set
537 3039 572 3091 ut
587 3030 736 3091 fanaticus
750 3041 845 3092 oestro

159 3163 322 3223 percussus,
337 3141 475 3217 Bellona,
490 3153 543 3205 tuo
558 3144 677 3206 divinat
691 3153 720 3205 et
735 3144 856 3224 ‘ingens

159 3276 246 3317 omen
260 3256 370 3328 habes,'
386 3257 494 3336 inquit,
510 3258 630 3337 ‘magni
645 3257 779 3337 clarique
793 3258 956 3337 triumphi:
1058 3261 1117 3321 125

159 3389 259 3448 regem
274 3370 405 3449 aliquem
421 3369 528 3448 capies,
543 3380 597 3430 aut
611 3369 648 3430 de
662 3378 779 3430 temone
794 3370 942 3430 Britanno

160 3480 279 3542 excidet
292 3479 479 3558 Aruiragus:
501 3481 660 3560 peregrina
674 3489 718 3541 est
732 3479 839 3551 belua;
861 3482 957 3542 cernis
