2536 3806
480 216 652 264 SATVRA
682 217 780 265 XIV.

147 372 236 434 crida
250 393 319 433 cum
334 382 398 434 tota
412 372 573 434 descendat
587 393 698 433 aranea
712 373 782 446 tela,

147 488 199 548 hic
210 488 280 548 leve
294 497 464 567 argentum,
478 506 553 549 vasa
566 505 672 566 aspere
686 495 801 568 tergeat
815 489 892 548 alter
902 489 926 548 l’

148 621 210 663 vox
224 600 340 661 domini
354 599 430 660 furit
443 599 583 660 instantis
596 569 775 679 virgamque
788 601 925 662 tenentis.

147 734 220 794 ergo
235 715 325 776 miser
337 715 479 794 trepidas,
493 735 532 776 ne
546 723 674 775 stercore
689 715 777 776 foede
792 716 900 779 canino

147 829 228 889 atria
242 829 423 908 displiceant
437 827 532 888 oculis
546 827 694 888 venientis
709 829 807 902 amici,

147 961 186 1002 ne
199 941 323 1020 perfusa
337 940 403 1002 luto
417 942 456 1001 sit
469 941 621 1020 porticus3
643 949 788 1002 ettamen
803 962 863 1002 uno

146 1054 280 1115 semodio
294 1055 391 1115 scobis
404 1054 479 1114 haec
493 1053 634 1114 emendat
647 1053 784 1114 servulus
799 1074 893 1115 unus:

147 1166 227 1227 illud
241 1187 301 1227 non
317 1167 423 1246 agitas,
438 1175 472 1226 ut
486 1175 621 1226 scncmm
635 1165 717 1225 fflius
731 1167 813 1226 omni

147 1282 276 1360 aspiciat
290 1281 354 1340 sine
369 1280 437 1340 labe
451 1279 575 1339 domurn
590 1279 725 1358 vitioque
739 1281 912 1340 carentem?

146 1403 269 1473 gratum
284 1402 328 1453 est
342 1393 422 1472 quod
436 1393 554 1471 patriae
569 1392 666 1453 civem
681 1393 854 1473 populoque
868 1393 985 1470 dedisti,
1068 1397 1107 1459 70

145 1506 172 1566 si
186 1505 260 1566 focis
275 1514 309 1565 ut
323 1505 440 1584 patriae
454 1505 493 1564 sit
507 1504 640 1575 idoneus,
657 1504 740 1565 utilis
754 1506 843 1585 agris,

147 1618 231 1678 utilis
246 1625 276 1678 et
291 1617 440 1677 bellorum
455 1625 485 1676 et
499 1616 581 1695 pacis
596 1616 685 1676 rebus
696 1599 830 1696 agendis.

144 1731 316 1810 plurimum
340 1729 421 1789 enim
447 1727 592 1801 intererit,
612 1729 722 1808 quibus
746 1730 863 1792 ortibus
883 1741 914 1792 et
938 1732 1046 1812 quibus

226 1844 308 1904 hunc
323 1852 357 1902 tu

145 1957 280 2019 moribus
295 1957 443 2016 institues.
485 1965 624 2035 serpente
638 1956 753 2018 ciconia
767 1959 867 2037 pullos

145 2071 244 2131 nutrit
258 2078 288 2130 et
302 2069 427 2130 inventa
441 2089 496 2147 per
511 2069 600 2130 devia
615 2089 686 2128 rura
700 2069 832 2131 lacerta:
885 2146 889 2156 ⁸

146 2182 192 2241 illi
211 2180 315 2241 eadem
330 2179 457 2258 sumptis
471 2188 622 2258 quaerunt
637 2179 782 2241 animalia
796 2181 904 2260 pinnis.

145 2298 253 2359 vultur
269 2296 407 2375 jumento
422 2303 452 2354 et
467 2293 592 2354 canibus
606 2293 804 2374 crucibusque
819 2297 930 2358 relictis

146 2411 184 2470 ad
199 2411 278 2470 fetus
292 2415 434 2486 properat
448 2415 625 2485 partemque
640 2407 795 2468 cadaveris
810 2409 925 2470 adfert:

146 2525 195 2584 hic
210 2531 254 2584 est
268 2541 339 2600 ergo
355 2519 439 2580 cibus
454 2519 557 2598 magni
572 2539 691 2598 quoque
706 2521 837 2582 vulturis
852 2532 926 2584 etse

146 2635 303 2717 pascentis,
319 2633 442 2714 propria
457 2652 526 2692 cum
543 2633 609 2712 jam
623 2633 697 2693 facit
711 2634 818 2695 arbore
832 2636 926 2698 nidos.
1066 2641 1105 2702 80

145 2750 197 2810 sed
212 2749 344 2827 leporem
360 2754 414 2806 aut
428 2765 568 2824 capream
584 2746 717 2807 famulae
731 2746 753 2808 J
754 2748 818 2809 ovis
832 2758 862 2809 et
875 2770 1035 2828 generosae

146 2864 177 2923 in
191 2861 272 2923 saltu
287 2867 439 2921 venantur
453 2878 533 2930 aves,
548 2858 619 2918 hinc
634 2859 747 2938 praeda
762 2861 855 2922 cubili

145 2976 285 3057 ponitur:
308 2971 378 3032 inde
392 2982 493 3032 autern
509 2992 577 3032 cum
592 2993 623 3033 se
637 2983 757 3034 motura
772 2976 887 3037 levavit

146 3065 310 3170 progenies,
325 3085 502 3146 stimulante
516 3087 596 3147 fame
610 3087 732 3148 festinat
745 3088 784 3149 od
799 3089 894 3164 illam,

147 3223 237 3283 quam
252 3200 385 3280 primum
400 3198 544 3278 praedam
559 3208 649 3278 rupto
663 3210 838 3279 gustaverat
852 3222 917 3265 ovo.
1067 3208 1106 3267 85

185 3314 373 3376 Aedificator
387 3322 452 3373 erat
466 3313 634 3386 Cretonius,
650 3326 680 3375 et
694 3316 782 3375 modo
797 3336 891 3378 curvo

147 3433 233 3494 litore
247 3431 379 3503 Caietae,
393 3449 512 3490 summa
526 3450 608 3490 nunc
622 3428 743 3490 Tiburis
757 3450 835 3504 arce,
