2536 3806
144 205 187 268 50
391 222 570 270 n.1vu11
599 222 849 270 rvvnunnrs

143 385 290 458 quantum
299 377 515 457 grammaticus
526 377 637 440 meruit
645 376 753 440 labori
767 387 798 441 et
806 391 908 440 tamen
916 398 956 438 ex
964 377 1024 439 hoc

140 491 351 574 quodcumque
360 501 404 552 est
414 490 528 564 (minus
536 500 580 554 est
588 500 690 552 autem
699 511 790 571 quam
800 491 926 553 rhetoris
935 495 1021 570 aera)

139 603 282 684 discipuli
296 613 395 664 custos
409 603 601 682 praemordet
615 612 824 677 acoenonetus,

139 725 169 777 et
183 716 235 795 qui
249 715 411 796 dispensat,
426 714 546 794 franget
560 714 627 776 sibi.
670 715 752 790 cede,
766 713 941 787 Palaemon,

139 837 168 889 et
183 839 285 908 patere
300 827 370 887 inde
384 827 507 907 aliquid
517 828 694 901 decrescere,
710 847 770 888 non
785 827 874 888 aliter
888 848 980 908 quam
1043 829 1109 891 220

139 942 258 1004 institor
272 941 416 1002 hibernae
430 941 536 1019 tegetis
551 941 692 1021 niveique
707 941 846 1003 cadurci:

139 1056 302 1116 dummodo
316 1075 376 1116 non
391 1063 502 1135 pereat,
517 1055 633 1116 mediae
647 1055 727 1134 quod
742 1054 837 1115 noctis
850 1053 891 1114 ab
905 1054 980 1116 hora

138 1167 249 1239 sedisti,
264 1188 325 1248 qua
339 1187 426 1228 nemo
440 1166 534 1238 faber,
549 1186 609 1246 qua
623 1187 711 1227 nemo
724 1165 848 1238 sederet,

139 1280 191 1360 qui
205 1280 293 1342 docet
306 1279 429 1360 obliquo
442 1280 546 1383 lanam
561 1279 709 1341 deducere
722 1279 819 1352 ferro;

138 1391 303 1453 dummodo
316 1411 376 1454 non
391 1398 503 1470 pereat,
519 1390 645 1487 totidem
660 1391 793 1452 olfecisse
811 1391 959 1465 lucernas,
1042 1392 1106 1453 225

139 1513 213 1586 quot
225 1503 348 1566 stabant
361 1504 457 1584 pueri,
472 1523 540 1564 cum
556 1513 636 1565 totus
650 1505 859 1568 decolorasset

139 1619 268 1682 Flaccus
282 1629 312 1681 et
326 1621 462 1683 haereret
476 1621 562 1702 nigro
577 1621 674 1702 fuligo
689 1621 819 1683 Maroni.

139 1756 208 1797 rara
223 1745 324 1800 tamen
340 1757 460 1810 merces,
475 1758 552 1817 quae
567 1737 737 1817 cognitione
751 1737 866 1800 tribuni

139 1871 199 1910 non
214 1860 307 1932 egeat.
349 1851 400 1912 sed
417 1872 470 1913 vos
484 1872 588 1914 saevas
602 1851 738 1933 inponite
752 1850 840 1930 leges,

139 1971 174 2022 ut
187 1963 373 2044 praeceptori
388 1963 550 2025 verborum
565 1964 671 2043 regula
686 1971 809 2036 constet,
1042 1963 1105 2025 230

139 2085 174 2138 ut
187 2076 269 2156 legat
282 2079 430 2154 historias,
446 2089 582 2142 auctores
597 2081 716 2143 noverit
730 2101 833 2142 omnes

138 2203 293 2277 tamquam
310 2216 424 2276 unguas
437 2197 605 2278 digitosque
619 2219 695 2271 suec,
710 2207 745 2258 ut
759 2199 835 2260 forte
849 2207 980 2277 rogatus,

139 2307 212 2368 dum
228 2309 305 2387 petit
318 2319 372 2372 aut
385 2311 517 2374 thermas
532 2323 587 2374 aut
601 2312 716 2372 Phoebi
731 2312 848 2385 balnea,
863 2312 945 2373 dicat

138 2418 287 2479 nutricem
302 2419 463 2496 Anchisae,
478 2445 586 2485 nomen
601 2425 792 2505 patriamque
806 2444 953 2487 novercae
1095 2507 1098 2512 Ι

138 2528 329 2605 Anchemoli,
344 2532 426 2594 dicat
440 2545 514 2614 quot
528 2535 652 2598 Acestes
665 2536 778 2599 vixerit
792 2536 888 2609 anuis,
1040 2539 1103 2600 235

138 2651 212 2722 quot
237 2641 331 2704 Siculi
355 2645 527 2726 Phrygibus
545 2649 610 2713 vini
625 2649 783 2710 donaverit
797 2668 898 2711 urnas.

138 2755 250 2835 exigite
264 2765 299 2816 ut
313 2777 409 2819 mores
423 2768 539 2822 tenerer
554 2783 608 2822 eeu
623 2762 733 2841 pollice
747 2761 848 2834 ducat,

138 2877 172 2928 ut
186 2867 210 2927 si
226 2867 292 2947 quis
306 2890 374 2933 cera
388 2872 505 2934 voltum
521 2875 611 2948 faoit3
631 2875 743 2955 exigite
757 2884 791 2936 ut
804 2876 845 2935 sit

138 2989 168 3040 ot
181 2990 269 3059 pater
282 2981 376 3062 ipsius
390 2995 501 3061 coetus,
515 3010 554 3049 ne
567 2990 670 3069 turpia
684 2989 801 3050 ludant.

138 3093 247 3166 ‘haee'
262 3093 370 3175 inquit,
385 3102 494 3172 ‘eura;
514 3111 559 3162 set
573 3123 641 3162 oum
656 3123 687 3163 aa
700 3101 825 3163 verterit
839 3122 945 3176 annus,
1038 3105 1099 3168 240

137 3205 247 3288 accipe,
262 3206 369 3270 victori
384 3210 515 3294 populus
528 3213 610 3294 quod
623 3213 765 3294 postulat,
780 3214 908 3278 aurum?
